createdAt,amount,originRate
2015-03-21T22:27:12.697Z,951.00,1.00
2015-03-21T22:26:49.916Z,1.00,1.00
2015-03-21T22:26:44.769Z,1.00,1.00
2015-03-21T22:26:32.278Z,1.00,1.00
2015-03-21T22:26:18.965Z,1.00,1.00
2015-03-21T22:25:29.442Z,1.00,1.00
2015-03-21T22:25:24.064Z,1.00,1.00
2015-03-21T22:25:12.927Z,1.00,1.00
2015-03-21T22:24:55.811Z,1.00,1.00
2015-03-21T22:24:44.887Z,1.00,1.00
2015-03-21T22:24:29.442Z,1.00,1.00
2015-03-21T22:24:08.846Z,1.00,1.00
2015-03-21T22:24:00.928Z,1.00,1.00
2015-03-21T22:23:50.121Z,1.00,1.00
2015-03-21T22:23:35.999Z,1.00,1.00
2015-03-21T22:23:22.869Z,1.00,1.00
2015-03-21T22:23:13.420Z,1.00,1.00
2015-03-21T22:22:53.133Z,1.00,1.00
2015-03-21T22:21:56.256Z,1.00,1.00
2015-03-21T22:21:03.194Z,1.00,1.00
2015-03-21T22:19:33.281Z,1.00,1.00
2015-03-21T22:19:24.274Z,1.00,1.00
2015-03-21T22:19:18.792Z,1.00,1.00
2015-03-21T22:18:39.295Z,1.00,1.00
2015-03-21T22:18:08.340Z,1.00,1.00
2015-03-21T22:17:51.664Z,1.00,1.00
2015-03-21T22:17:42.715Z,1.00,1.00
2015-03-21T22:17:37.460Z,0.67,1.49530
2015-03-21T22:17:31.735Z,1.00,1.00
2015-03-21T22:17:26.842Z,1.00,1.00
2015-03-21T22:17:21.820Z,1.00,1.00
2015-03-21T22:16:49.140Z,1.00,1.00
2015-03-21T22:16:35.040Z,1.00,1.00
2015-03-21T22:16:21.390Z,1.00,1.00
2015-03-21T22:16:16.713Z,1.00,1.00
2015-03-21T22:16:04.778Z,1.00,1.00
2015-03-21T22:15:59.723Z,1.00,1.00
2015-03-21T22:15:46.090Z,1.00,1.00
2015-03-21T22:15:36.033Z,1.00,1.00
2015-03-21T22:15:31.316Z,1.00,1.00
2015-03-21T22:15:12.990Z,1.00,1.00
2015-03-21T22:15:08.575Z,1.00,1.00
2015-03-21T22:15:03.221Z,1.00,1.00
2015-03-21T22:14:41.747Z,1.00,1.00
2015-03-21T22:14:20.622Z,1.00,1.00
2015-03-21T22:14:07.912Z,1.00,1.00
2015-03-21T22:13:40.185Z,1.00,1.00
2015-03-21T22:13:25.166Z,1.00,1.00
2015-03-21T22:13:19.607Z,1.00,1.00
2015-03-21T22:12:40.775Z,1.00,1.00
2015-03-21T21:53:01.790Z,1000.00,1.00
2015-03-21T20:43:52.543Z,1.00,1.00
2015-03-21T20:43:38.324Z,1.00,1.00
2015-03-21T20:43:30.133Z,1.00,1.00
2015-03-21T20:43:13.272Z,1.00,1.00
2015-03-21T20:43:01.525Z,1.00,1.00
2015-03-21T20:42:51.699Z,1.00,1.00
2015-03-21T20:42:40.660Z,1.00,1.00
2015-03-21T20:42:29.696Z,1.00,1.00
2015-03-21T20:42:17.802Z,1.00,1.00
2015-03-21T20:42:10.735Z,1.00,1.00
2015-03-21T20:42:03.007Z,1.00,1.00
2015-03-21T20:41:51.154Z,1.00,1.00
2015-03-21T20:41:40.748Z,1.00,1.00
2015-03-21T20:41:31.978Z,1.00,1.00
2015-03-21T20:41:18.393Z,1.00,1.00
2015-03-21T20:41:08.754Z,1.00,1.00
2015-03-21T20:41:02.010Z,1.00,1.00
2015-03-21T20:40:48.303Z,1.00,1.00
2015-03-21T20:40:36.363Z,1.00,1.00
2015-03-21T20:40:21.129Z,1.00,1.00
2015-03-21T20:40:02.311Z,1.00,1.00
2015-03-21T20:39:50.171Z,1.00,1.00
2015-03-21T20:39:31.972Z,1.00,1.00
2015-03-21T20:39:16.754Z,1.00,1.00
2015-03-21T20:39:03.467Z,1.00,1.00
2015-03-21T20:38:48.507Z,1.00,1.00
2015-03-21T20:38:40.396Z,1.00,1.00
2015-03-21T20:38:25.080Z,1.00,1.00
2015-03-21T20:38:17.846Z,1.00,1.00
2015-03-21T20:38:08.805Z,1.00,1.00
2015-03-21T20:37:57.257Z,1.00,1.00
2015-03-21T20:37:43.926Z,1.00,1.00
2015-03-21T20:37:32.440Z,1.00,1.00
2015-03-21T20:37:19.932Z,1.00,1.00
2015-03-21T20:37:14.084Z,1.00,1.00
2015-03-21T20:37:03.661Z,1.00,1.00
2015-03-21T20:36:52.320Z,1.00,1.00
2015-03-21T20:36:41.426Z,1.00,1.00
2015-03-21T20:36:30.793Z,1.00,1.00
2015-03-21T20:36:12.888Z,1.00,1.00
2015-03-21T20:36:05.955Z,1.00,1.00
2015-03-21T20:35:58.423Z,1.00,1.00
2015-03-21T20:35:52.143Z,1.00,1.00
2015-03-21T20:35:39.216Z,1.00,1.00
2015-03-21T20:35:27.436Z,1.00,1.00
2015-03-21T20:35:17.553Z,1.00,1.00
2015-03-21T20:35:08.709Z,1.00,1.00
2015-03-21T20:34:58.111Z,1.00,1.00
2015-03-21T20:34:46.900Z,1.00,1.00
2015-03-21T20:34:36.834Z,1.00,1.00
2015-03-21T20:34:30.993Z,1.00,1.00
2015-03-21T20:34:18.056Z,1.00,1.00
2015-03-21T20:34:06.520Z,1.00,1.00
2015-03-21T20:33:56.292Z,1.00,1.00
2015-03-21T20:33:50.220Z,1.00,1.00
2015-03-21T20:33:39.375Z,1.00,1.00
2015-03-21T20:33:30.106Z,1.00,1.00
2015-03-21T20:33:01.114Z,1.00,1.00
2015-03-21T20:32:49.451Z,1.00,1.00
2015-03-21T20:32:38.582Z,1.00,1.00
2015-03-21T20:32:13.442Z,1.00,1.00
2015-03-21T20:31:58.500Z,1.00,1.00
2015-03-21T20:31:48.511Z,1.00,1.00
2015-03-21T20:31:38.360Z,120.07,0.00833
2015-03-21T20:31:31.141Z,1.00,1.00
2015-03-21T20:31:15.544Z,1.00,1.00
2015-03-21T20:31:03.457Z,1.00,1.00
2015-03-21T20:30:55.469Z,1.00,1.00
2015-03-21T20:30:38.752Z,1.00,1.00
2015-03-21T20:30:32.385Z,1.00,1.00
2015-03-21T20:30:20.318Z,1.00,1.00
2015-03-21T20:30:08.433Z,1.00,1.00
2015-03-21T20:29:56.354Z,1.00,1.00
2015-03-21T20:29:44.964Z,1.00,1.00
2015-03-21T20:29:32.141Z,1.00,1.00
2015-03-21T20:29:22.023Z,1.00,1.00
2015-03-21T20:29:11.025Z,1.00,1.00
2015-03-21T20:28:59.990Z,1.00,1.00
2015-03-21T20:28:53.093Z,1.00,1.00
2015-03-21T20:28:47.694Z,1.00,1.00
2015-03-21T20:28:35.910Z,1.00,1.00
2015-03-21T20:28:12.216Z,1.00,1.00
2015-03-21T20:27:51.536Z,1.00,1.00
2015-03-21T20:27:44.861Z,1.00,1.00
2015-03-21T20:27:23.272Z,1.00,1.00
2015-03-21T20:26:39.716Z,1.00,1.00
2015-03-21T20:26:33.679Z,1.00,1.00
2015-03-21T20:26:21.897Z,1.00,1.00
2015-03-21T20:26:12.358Z,1.00,1.00
2015-03-21T20:26:04.015Z,1.00,1.00
2015-03-21T20:25:57.734Z,1.00,1.00
2015-03-21T20:25:51.287Z,1.00,1.00
2015-03-21T20:25:40.084Z,1.00,1.00
2015-03-21T20:25:34.514Z,1.00,1.00
2015-03-21T20:25:29.369Z,1.00,1.00
2015-03-21T20:25:21.592Z,1.00,1.00
2015-03-21T20:25:16.699Z,1.00,1.00
2015-03-21T20:25:05.817Z,1.00,1.00
2015-03-21T20:24:59.594Z,1.00,1.00
2015-03-21T20:24:54.335Z,1.00,1.00
2015-03-21T20:24:49.358Z,1.00,1.00
2015-03-21T20:24:42.058Z,1.00,1.00
2015-03-21T20:24:34.995Z,1.00,1.00
2015-03-21T20:24:25.231Z,1.00,1.00
2015-03-21T20:24:19.159Z,1.00,1.00
2015-03-21T20:24:13.480Z,1.00,1.00
2015-03-21T20:24:00.839Z,1.00,1.00
2015-03-21T20:23:55.752Z,1.00,1.00
2015-03-21T20:23:49.527Z,1.00,1.00
2015-03-21T20:23:40.379Z,1.00,1.00
2015-03-21T20:23:24.459Z,1.00,1.00
2015-03-21T20:23:15.035Z,1.00,1.00
2015-03-21T20:23:00.929Z,1.00,1.00
2015-03-21T20:22:48.151Z,1.00,1.00
2015-03-21T20:22:37.304Z,1.00,1.00
2015-03-21T20:22:21.554Z,1.00,1.00
2015-03-21T20:22:00.713Z,1.00,1.00
2015-03-21T20:21:47.855Z,1.00,1.00
2015-03-21T20:21:31.426Z,1.00,1.00
2015-03-21T20:21:25.537Z,1.00,1.00
2015-03-21T20:21:13.525Z,1.00,1.00
2015-03-21T20:21:03.232Z,1.00,1.00
2015-03-21T20:20:56.740Z,1.00,1.00
2015-03-21T20:20:47.073Z,1.00,1.00
2015-03-21T20:20:37.443Z,1.00,1.00
2015-03-21T20:20:21.106Z,1.00,1.00
2015-03-21T20:20:14.947Z,1.00,1.00
2015-03-21T20:20:06.292Z,1.00,1.00
2015-03-21T20:19:57.818Z,1.00,1.00
2015-03-21T20:19:44.250Z,1.00,1.00
2015-03-21T20:19:37.953Z,1.00,1.00
2015-03-21T20:19:27.059Z,0.92,1.08205
2015-03-21T20:19:18.512Z,1.00,1.00
2015-03-21T20:19:08.164Z,1.00,1.00
2015-03-21T20:18:58.076Z,1.00,1.00
2015-03-21T20:18:43.313Z,1.00,1.00
2015-03-21T20:18:36.432Z,1.00,1.00
2015-03-21T20:18:29.809Z,1.00,1.00
2015-03-21T20:18:14.687Z,1.00,1.00
2015-03-21T20:18:04.214Z,1.00,1.00
2015-03-21T20:17:52.078Z,1.00,1.00
2015-03-21T20:17:32.730Z,1.00,1.00
2015-03-21T20:17:22.990Z,1.00,1.00
2015-03-21T20:17:16.907Z,1.00,1.00
2015-03-21T20:17:10.551Z,1.00,1.00
2015-03-21T20:16:59.199Z,1.00,1.00
2015-03-21T20:16:53.031Z,1.00,1.00
2015-03-21T20:16:43.467Z,1.00,1.00
2015-03-21T20:16:36.166Z,1.00,1.00
2015-03-21T20:16:29.831Z,1.00,1.00
2015-03-21T20:16:16.823Z,1.00,1.00
2015-03-21T20:16:06.706Z,1.00,1.00
2015-03-21T20:15:52.199Z,1.00,1.00
2015-03-21T20:15:35.153Z,1.00,1.00
2015-03-21T20:15:17.941Z,1.00,1.00
2015-03-21T20:15:05.623Z,1.00,1.00
2015-03-21T20:14:56.561Z,1.00,1.00
2015-03-21T20:14:40.511Z,1.00,1.00
2015-03-21T20:14:20.569Z,1.00,1.00
2015-03-21T20:14:09.589Z,1.00,1.00
2015-03-21T20:13:48.511Z,1.00,1.00
2015-03-21T20:13:16.546Z,1.00,1.00
2015-03-21T20:13:05.251Z,1.00,1.00
2015-03-21T20:12:54.789Z,1.00,1.00
2015-03-21T20:12:38.706Z,1.00,1.00
2015-03-21T20:12:33.021Z,1.00,1.00
2015-03-21T20:12:14.478Z,1.00,1.00
2015-03-21T20:11:55.639Z,1.00,1.00
2015-03-21T20:11:38.091Z,1.00,1.00
2015-03-21T20:11:18.785Z,1.00,1.00
2015-03-21T20:11:05.578Z,1.00,1.00
2015-03-21T20:10:55.596Z,1.00,1.00
2015-03-21T20:10:40.410Z,1.00,1.00
2015-03-21T20:10:28.588Z,1.00,1.00
2015-03-21T20:10:16.199Z,1.00,1.00
2015-03-21T20:09:55.619Z,1.00,1.00
2015-03-21T20:09:43.527Z,1.00,1.00
2015-03-21T20:09:29.091Z,1.00,1.00
2015-03-21T20:09:15.746Z,1.00,1.00
2015-03-21T20:08:48.747Z,1.00,1.00
2015-03-21T20:08:32.457Z,1.00,1.00
2015-03-21T20:08:18.030Z,1.00,1.00
2015-03-21T20:08:10.206Z,1.00,1.00
2015-03-21T20:07:59.633Z,1.00,1.00
2015-03-21T20:07:43.957Z,1.00,1.00
2015-03-21T20:07:35.605Z,1.00,1.00
2015-03-21T20:07:19.584Z,1.00,1.00
2015-03-21T20:07:14.072Z,1.00,1.00
2015-03-21T20:07:06.272Z,1.00,1.00
2015-03-21T20:06:55.106Z,1.00,1.00
2015-03-21T20:06:26.757Z,1.00,1.00
2015-03-21T20:06:21.940Z,1.00,1.00
2015-03-21T20:06:16.011Z,1.00,1.00
2015-03-21T20:06:09.331Z,1.00,1.00
2015-03-21T20:05:59.997Z,1.00,1.00
2015-03-21T20:05:48.152Z,1.00,1.00
2015-03-21T20:05:42.373Z,1.00,1.00
2015-03-21T20:05:35.815Z,1.00,1.00
2015-03-21T20:05:30.093Z,1.00,1.00
2015-03-21T20:05:19.687Z,1.00,1.00
2015-03-21T20:05:13.672Z,1.00,1.00
2015-03-21T20:05:06.240Z,1.00,1.00
2015-03-21T20:05:00.906Z,1.00,1.00
2015-03-21T20:04:55.364Z,1.00,1.00
2015-03-21T20:04:49.902Z,1.00,1.00
2015-03-21T20:04:44.227Z,1.00,1.00
2015-03-21T20:04:37.555Z,1.00,1.00
2015-03-21T20:04:31.765Z,1.00,1.00
2015-03-21T20:04:21.008Z,1.00,1.00
2015-03-21T20:04:14.867Z,1.00,1.00
2015-03-21T20:04:09.710Z,1.00,1.00
2015-03-21T20:04:03.648Z,1.00,1.00
2015-03-21T20:03:57.826Z,1.00,1.00
2015-03-21T20:03:52.175Z,1.00,1.00
2015-03-21T20:03:47.308Z,1.00,1.00
2015-03-21T20:03:42.495Z,1.00,1.00
2015-03-21T20:03:37.058Z,1.00,1.00
2015-03-21T20:03:31.444Z,1.00,1.00
2015-03-21T20:03:19.454Z,1.00,1.00
2015-03-21T20:03:13.698Z,1.00,1.00
2015-03-21T20:03:08.339Z,1.00,1.00
2015-03-21T20:02:59.080Z,1.00,1.00
2015-03-21T20:02:50.602Z,1.00,1.00
2015-03-21T20:02:43.099Z,1.00,1.00
2015-03-21T20:02:37.579Z,1.00,1.00
2015-03-21T20:02:31.989Z,0.05766514,17.34150
2015-03-21T20:02:25.763Z,1.00,1.00
2015-03-21T20:02:17.676Z,1.00,1.00
2015-03-21T20:02:10.013Z,1.00,1.00
2015-03-21T20:02:04.724Z,1.00,1.00
2015-03-21T20:01:52.462Z,1.00,1.00
2015-03-21T20:01:24.900Z,1.00,1.00
2015-03-21T20:01:17.660Z,1.00,1.00
2015-03-21T20:01:11.560Z,1.00,1.00
2015-03-21T20:01:06.996Z,1.00,1.00
2015-03-21T20:01:00.864Z,1.00,1.00
2015-03-21T20:00:50.253Z,1.00,1.00
2015-03-21T20:00:45.596Z,1.00,1.00
2015-03-21T20:00:35.347Z,1.00,1.00
2015-03-21T20:00:28.284Z,1.00,1.00
2015-03-21T20:00:19.445Z,1.00,1.00
2015-03-21T20:00:09.745Z,1.00,1.00
2015-03-21T19:59:58.217Z,1.00,1.00
2015-03-21T19:59:52.529Z,1.00,1.00
2015-03-21T19:59:47.342Z,1.00,1.00
2015-03-21T19:59:33.423Z,1.00,1.00
2015-03-21T19:59:23.809Z,1.00,1.00
2015-03-21T19:59:15.544Z,1.00,1.00
2015-03-21T19:59:05.334Z,1.00,1.00
2015-03-21T19:58:52.304Z,1.00,1.00
2015-03-21T19:58:45.966Z,1.00,1.00
2015-03-21T19:58:33.446Z,1.00,1.00
2015-03-21T19:58:24.419Z,1.00,1.00
2015-03-21T19:58:14.566Z,1.00,1.00
2015-03-21T19:58:08.248Z,1.00,1.00
2015-03-21T19:58:03.358Z,1.00,1.00
2015-03-21T19:57:56.544Z,1.00,1.00
2015-03-21T19:57:50.887Z,1.00,1.00
2015-03-21T19:57:44.770Z,1.00,1.00
2015-03-21T19:57:39.351Z,1.00,1.00
2015-03-21T19:57:29.072Z,1.00,1.00
2015-03-21T19:57:18.335Z,1.00,1.00
2015-03-21T19:57:10.214Z,1.00,1.00
2015-03-21T19:57:04.972Z,1.00,1.00
2015-03-21T19:56:58.863Z,1.00,1.00
2015-03-21T19:56:51.238Z,1.00,1.00
2015-03-21T19:56:44.833Z,1.00,1.00
2015-03-21T19:56:38.277Z,1.00,1.00
2015-03-21T19:56:32.100Z,1.00,1.00
2015-03-21T19:56:26.077Z,1.00,1.00
2015-03-21T19:56:15.610Z,1.00,1.00
2015-03-21T19:56:06.677Z,1.00,1.00
2015-03-21T19:55:51.472Z,1.00,1.00
2015-03-21T19:54:30.572Z,1.00,1.00
2015-03-21T19:54:25.238Z,1.00,1.00
2015-03-21T19:54:18.796Z,1.00,1.00
2015-03-21T19:54:05.560Z,1.00,1.00
2015-03-21T19:53:57.611Z,1.00,1.00
2015-03-21T19:53:50.743Z,1.00,1.00
2015-03-21T19:53:27.543Z,1.00,1.00
2015-03-21T19:53:21.097Z,1.00,1.00
2015-03-21T19:53:16.159Z,1.00,1.00
2015-03-21T19:53:09.980Z,1.00,1.00
2015-03-21T19:53:00.928Z,1.00,1.00
2015-03-21T19:52:56.275Z,1.00,1.00
2015-03-21T19:52:50.965Z,1.00,1.00
2015-03-21T19:52:44.727Z,1.00,1.00
2015-03-21T19:52:37.958Z,1.00,1.00
2015-03-21T19:52:27.697Z,1.00,1.00
2015-03-21T19:52:20.591Z,1.00,1.00
2015-03-21T19:52:15.445Z,1.00,1.00
2015-03-21T19:52:05.298Z,1.00,1.00
2015-03-21T19:51:57.156Z,1.00,1.00
2015-03-21T19:51:51.762Z,1.00,1.00
2015-03-21T19:51:45.776Z,1.00,1.00
2015-03-21T19:51:39.092Z,1.00,1.00
2015-03-21T19:51:29.232Z,1.00,1.00
2015-03-21T19:51:16.389Z,1.00,1.00
2015-03-21T19:51:09.531Z,1.00,1.00
2015-03-21T19:51:03.908Z,1.00,1.00
2015-03-21T19:50:57.692Z,1.00,1.00
2015-03-21T19:50:48.208Z,1.00,1.00
2015-03-21T19:50:41.589Z,1.00,1.00
2015-03-21T19:50:36.194Z,1.00,1.00
2015-03-21T19:50:30.733Z,1.00,1.00
2015-03-21T19:50:24.291Z,1.00,1.00
2015-03-21T19:50:17.856Z,1.00,1.00
2015-03-21T19:50:11.913Z,1.00,1.00
2015-03-21T19:50:06.271Z,1.00,1.00
2015-03-21T19:49:55.426Z,1.00,1.00
2015-03-21T19:49:37.968Z,1.00,1.00
2015-03-21T19:49:27.008Z,1.00,1.00
2015-03-21T19:49:06.556Z,1.00,1.00
2015-03-21T19:48:44.023Z,1.00,1.00
2015-03-21T19:48:28.471Z,1.00,1.00
2015-03-21T19:48:18.838Z,1.00,1.00
2015-03-21T19:48:00.154Z,1.00,1.00
2015-03-21T19:47:51.282Z,1.00,1.00
2015-03-21T19:47:41.311Z,1.00,1.00
2015-03-21T19:47:33.205Z,1.00,1.00
2015-03-21T19:47:11.067Z,1.00,1.00
2015-03-21T19:47:00.300Z,1.00,1.00
2015-03-21T19:46:53.591Z,1.00,1.00
2015-03-21T19:46:47.856Z,1.00,1.00
2015-03-21T19:46:38.282Z,1.00,1.00
2015-03-21T19:46:31.380Z,1.00,1.00
2015-03-21T19:46:20.280Z,1.00,1.00
2015-03-21T19:46:13.858Z,1.00,1.00
2015-03-21T19:46:04.670Z,1.00,1.00
2015-03-21T19:45:58.462Z,1.00,1.00
2015-03-21T19:45:53.013Z,1.00,1.00
2015-03-21T19:45:47.253Z,1.00,1.00
2015-03-21T19:45:40.120Z,1.00,1.00
2015-03-21T19:45:25.574Z,1.00,1.00
2015-03-21T19:45:20.207Z,1.00,1.00
2015-03-21T19:45:15.061Z,1.00,1.00
2015-03-21T19:45:10.039Z,0.92,1.08205
2015-03-21T19:44:58.777Z,1.00,1.00
2015-03-21T19:44:45.998Z,1.00,1.00
2015-03-21T19:44:21.226Z,1.00,1.00
2015-03-21T19:44:08.653Z,1.00,1.00
2015-03-21T19:33:55.694Z,1.00,1.00
2015-03-21T19:33:42.945Z,1.00,1.00
2015-03-21T19:33:35.242Z,1.00,1.00
2015-03-21T19:33:19.788Z,1.00,1.00
2015-03-21T19:33:18.444Z,1.00,1.00
2015-03-21T19:33:12.009Z,1.00,1.00
2015-03-21T19:32:35.616Z,1.00,1.00
2015-03-21T19:32:23.732Z,1.00,1.00
2015-03-21T19:31:56.194Z,1.00,1.00
2015-03-21T19:31:42.027Z,1.00,1.00
2015-03-21T19:31:27.237Z,1.00,1.00
2015-03-21T19:31:16.612Z,1.00,1.00
2015-03-21T19:31:05.471Z,1.00,1.00
2015-03-21T19:30:57.411Z,1.00,1.00
2015-03-21T19:30:37.979Z,1.00,1.00
2015-03-21T19:30:12.833Z,1.00,1.00
2015-03-21T19:29:51.170Z,1.00,1.00
2015-03-21T19:29:35.738Z,1.00,1.00
2015-03-21T19:29:16.623Z,1.00,1.00
2015-03-21T19:28:56.156Z,1.00,1.00
2015-03-21T19:28:42.517Z,1.00,1.00
2015-03-21T19:28:22.616Z,1.00,1.00
2015-03-21T19:28:09.856Z,1.00,1.00
2015-03-21T19:27:51.700Z,1.00,1.00
2015-03-21T19:27:28.863Z,1.00,1.00
2015-03-21T19:27:00.107Z,1.00,1.00
2015-03-21T19:26:45.912Z,1.00,1.00
2015-03-21T19:26:44.811Z,1.00,1.00
2015-03-21T19:26:33.267Z,1.00,1.00
2015-03-21T19:26:19.654Z,1.00,1.00
2015-03-21T19:26:05.632Z,1.00,1.00
2015-03-21T19:25:53.425Z,1.00,1.00
2015-03-21T19:25:46.971Z,1.00,1.00
2015-03-21T19:25:32.837Z,1.00,1.00
2015-03-21T19:25:21.079Z,1.00,1.00
2015-03-21T19:25:03.922Z,1.00,1.00
2015-03-21T19:24:50.548Z,1.00,1.00
2015-03-21T19:24:39.845Z,1.00,1.00
2015-03-21T19:24:29.162Z,1.00,1.00
2015-03-21T19:24:19.557Z,1.00,1.00
2015-03-21T19:24:07.831Z,1.00,1.00
2015-03-21T19:23:53.745Z,1.00,1.00
2015-03-21T19:23:43.198Z,1.00,1.00
2015-03-21T19:23:37.550Z,1.00,1.00
2015-03-21T19:23:23.179Z,1.00,1.00
2015-03-21T19:23:16.740Z,1.00,1.00
2015-03-21T19:23:05.408Z,1.00,1.00
2015-03-21T19:22:54.510Z,1.00,1.00
2015-03-21T19:22:52.858Z,1.00,1.00
2015-03-21T19:22:41.075Z,1.00,1.00
2015-03-21T19:22:28.593Z,1.00,1.00
2015-03-21T19:22:17.798Z,1.00,1.00
2015-03-21T19:22:07.524Z,1.00,1.00
2015-03-21T19:22:06.719Z,1.00,1.00
2015-03-21T19:21:54.219Z,1.00,1.00
2015-03-21T19:21:39.383Z,1.00,1.00
2015-03-21T19:21:32.396Z,1.00,1.00
2015-03-21T19:21:19.225Z,1.00,1.00
2015-03-21T19:21:05.561Z,1.00,1.00
2015-03-21T19:20:56.186Z,1.00,1.00
2015-03-21T19:20:43.283Z,1.00,1.00
2015-03-21T19:20:11.643Z,1.00,1.00
2015-03-21T19:20:02.455Z,1.00,1.00
2015-03-21T19:19:48.973Z,1.00,1.00
2015-03-21T19:19:34.754Z,1.00,1.00
2015-03-21T19:19:23.784Z,1.00,1.00
2015-03-21T19:19:09.340Z,1.00,1.00
2015-03-21T19:19:02.811Z,1.00,1.00
2015-03-21T19:18:56.248Z,1.00,1.00
2015-03-21T19:18:43.619Z,1.00,1.00
2015-03-21T19:18:21.961Z,1.00,1.00
2015-03-21T19:18:09.319Z,1.00,1.00
2015-03-21T19:18:00.873Z,1.00,1.00
2015-03-21T19:17:49.725Z,1.00,1.00
2015-03-21T19:17:35.509Z,1.00,1.00
2015-03-21T19:17:24.634Z,1.00,1.00
2015-03-21T19:17:14.008Z,1.00,1.00
2015-03-21T19:17:04.547Z,1.00,1.00
2015-03-21T19:16:54.293Z,1.00,1.00
2015-03-21T19:16:41.760Z,1.00,1.00
2015-03-21T19:16:29.025Z,1.00,1.00
2015-03-21T19:16:20.944Z,1.00,1.00
2015-03-21T19:16:11.332Z,1.00,1.00
2015-03-21T19:15:28.059Z,1.00,1.00
2015-03-21T19:15:03.163Z,1.00,1.00
2015-03-21T19:14:48.801Z,1.00,1.00
2015-03-21T19:14:41.055Z,1.00,1.00
2015-03-21T19:14:25.575Z,1.00,1.00
2015-03-21T19:14:13.175Z,1.00,1.00
2015-03-21T19:13:41.589Z,1.00,1.00
2015-03-21T19:13:29.882Z,1.00,1.00
2015-03-21T19:13:17.737Z,1.00,1.00
2015-03-21T19:13:04.841Z,1.00,1.00
2015-03-21T19:12:56.499Z,1.00,1.00
2015-03-21T19:12:39.687Z,1.00,1.00
2015-03-21T19:12:28.436Z,1.00,1.00
2015-03-21T19:12:03.742Z,1.00,1.00
2015-03-21T19:11:57.132Z,1.00,1.00
2015-03-21T19:11:45.517Z,1.00,1.00
2015-03-21T19:11:34.871Z,1.00,1.00
2015-03-21T19:11:30.144Z,1.00,1.00
2015-03-21T19:11:19.392Z,1.00,1.00
2015-03-21T19:11:09.927Z,1.00,1.00
2015-03-21T19:10:59.475Z,0.05766514,17.34150
2015-03-21T19:10:53.377Z,1.00,1.00
2015-03-21T19:10:42.528Z,1.00,1.00
2015-03-21T19:10:26.796Z,1.00,1.00
2015-03-21T19:10:19.667Z,1.00,1.00
2015-03-21T19:10:09.621Z,1.00,1.00
2015-03-21T19:09:58.210Z,1.00,1.00
2015-03-21T19:09:49.152Z,1.00,1.00
2015-03-21T19:09:35.329Z,1.00,1.00
2015-03-21T19:09:14.273Z,1.00,1.00
2015-03-21T19:09:02.406Z,1.00,1.00
2015-03-21T19:08:52.152Z,1.00,1.00
2015-03-21T19:08:31.694Z,1.00,1.00
2015-03-21T19:08:23.473Z,1.00,1.00
2015-03-21T19:08:10.971Z,1.00,1.00
2015-03-21T19:07:56.782Z,1.00,1.00
2015-03-21T19:07:48.825Z,1.00,1.00
2015-03-21T19:07:40.915Z,1.00,1.00
2015-03-21T19:07:33.904Z,1.00,1.00
2015-03-21T19:07:22.026Z,1.00,1.00
2015-03-21T19:07:16.272Z,1.00,1.00
2015-03-21T19:07:06.278Z,1.00,1.00
2015-03-21T19:06:54.958Z,1.00,1.00
2015-03-21T19:06:46.005Z,1.00,1.00
2015-03-21T19:06:35.336Z,1.00,1.00
2015-03-21T19:06:23.621Z,1.00,1.00
2015-03-21T19:06:15.284Z,1.00,1.00
2015-03-21T19:06:07.657Z,1.00,1.00
2015-03-21T19:05:56.536Z,1.00,1.00
2015-03-21T19:05:38.305Z,1.00,1.00
2015-03-21T19:05:28.825Z,1.00,1.00
2015-03-21T19:05:16.096Z,1.00,1.00
2015-03-21T19:05:03.013Z,1.00,1.00
2015-03-21T19:04:57.305Z,1.00,1.00
2015-03-21T19:04:52.097Z,1.00,1.00
2015-03-21T19:04:38.127Z,1.00,1.00
2015-03-21T19:04:20.243Z,1.00,1.00
2015-03-21T19:04:12.941Z,1.00,1.00
2015-03-21T19:04:00.226Z,1.00,1.00
2015-03-21T19:03:44.471Z,1.00,1.00
2015-03-21T19:03:37.442Z,1.00,1.00
2015-03-21T19:03:30.716Z,1.00,1.00
2015-03-21T19:03:22.866Z,1.00,1.00
2015-03-21T19:03:07.566Z,1.00,1.00
2015-03-21T19:03:01.111Z,1.00,1.00
2015-03-21T19:02:53.076Z,1.00,1.00
2015-03-21T19:02:46.049Z,1.00,1.00
2015-03-21T19:02:36.380Z,1.00,1.00
2015-03-21T19:02:01.384Z,1.00,1.00
2015-03-21T19:01:55.043Z,1.00,1.00
2015-03-21T19:01:50.080Z,1.00,1.00
2015-03-21T19:01:44.241Z,1.00,1.00
2015-03-21T19:01:38.020Z,1.00,1.00
2015-03-21T19:01:28.383Z,1.00,1.00
2015-03-21T19:01:18.479Z,1.00,1.00
2015-03-21T19:01:12.746Z,1.00,1.00
2015-03-21T19:01:05.670Z,0.05766514,17.34150
2015-03-21T19:00:59.761Z,0.92,1.08205
2015-03-21T19:00:46.969Z,1.00,1.00
2015-03-21T19:00:37.597Z,1.00,1.00
2015-03-21T19:00:31.303Z,1.00,1.00
2015-03-21T19:00:22.214Z,1.00,1.00
2015-03-21T19:00:15.285Z,1.00,1.00
2015-03-21T19:00:09.245Z,1.00,1.00
2015-03-21T19:00:02.953Z,1.00,1.00
2015-03-21T18:59:56.760Z,1.00,1.00
2015-03-21T18:59:45.500Z,1.00,1.00
2015-03-21T18:59:34.933Z,1.00,1.00
2015-03-21T18:59:22.630Z,1.00,1.00
2015-03-21T18:59:08.318Z,1.00,1.00
2015-03-21T18:59:01.490Z,1.00,1.00
2015-03-21T18:58:55.133Z,1.00,1.00
2015-03-21T18:58:49.252Z,1.00,1.00
2015-03-21T18:58:43.044Z,1.00,1.00
2015-03-21T18:58:33.769Z,1.00,1.00
2015-03-21T18:58:27.790Z,1.00,1.00
2015-03-21T18:58:21.709Z,1.00,1.00
2015-03-21T18:58:07.708Z,1.00,1.00
2015-03-21T18:57:55.253Z,1.00,1.00
2015-03-21T18:57:49.301Z,1.00,1.00
2015-03-21T18:57:44.513Z,1.00,1.00
2015-03-21T18:57:34.027Z,1.00,1.00
2015-03-21T18:57:23.275Z,1.00,1.00
2015-03-21T18:57:17.186Z,1.00,1.00
2015-03-21T18:57:10.247Z,1.00,1.00
2015-03-21T18:57:04.964Z,1.00,1.00
2015-03-21T18:56:53.773Z,1.00,1.00
2015-03-21T18:56:09.142Z,1.00,1.00
2015-03-21T18:56:04.329Z,1.00,1.00
2015-03-21T18:55:58.294Z,0.92,1.08205
2015-03-21T18:55:49.660Z,1.00,1.00
2015-03-21T18:55:42.714Z,1.00,1.00
2015-03-21T18:55:36.370Z,1.00,1.00
2015-03-21T18:55:30.216Z,1.00,1.00
2015-03-21T18:55:17.740Z,1.00,1.00
2015-03-21T18:55:09.908Z,1.00,1.00
2015-03-21T18:54:59.704Z,1.00,1.00
2015-03-21T18:54:52.706Z,1.00,1.00
2015-03-21T18:54:42.939Z,1.00,1.00
2015-03-21T18:54:32.036Z,1.00,1.00
2015-03-21T18:54:18.989Z,1.00,1.00
2015-03-21T18:54:05.822Z,1.00,1.00
2015-03-21T18:53:53.913Z,1.00,1.00
2015-03-21T18:53:45.025Z,1.00,1.00
2015-03-21T18:53:39.352Z,1.00,1.00
2015-03-21T18:53:29.282Z,1.00,1.00
2015-03-21T18:53:20.996Z,1.00,1.00
2015-03-21T18:53:14.903Z,1.00,1.00
2015-03-21T18:53:08.494Z,1.00,1.00
2015-03-21T18:52:52.561Z,1.00,1.00
2015-03-21T18:52:46.194Z,1.00,1.00
2015-03-21T18:52:29.156Z,1.00,1.00
2015-03-21T18:52:13.770Z,1.00,1.00
2015-03-21T18:52:08.328Z,1.00,1.00
2015-03-21T18:52:02.895Z,1.00,1.00
2015-03-21T18:51:56.531Z,1.00,1.00
2015-03-21T18:51:45.813Z,1.00,1.00
2015-03-21T18:51:29.745Z,1.00,1.00
2015-03-21T18:51:22.498Z,1.00,1.00
2015-03-21T18:51:16.708Z,0.92,1.08205
2015-03-21T18:51:11.722Z,1.00,1.00
2015-03-21T18:51:05.003Z,1.00,1.00
2015-03-21T18:50:51.718Z,1.00,1.00
2015-03-21T18:50:39.763Z,1.00,1.00
2015-03-21T18:50:32.944Z,1.00,1.00
2015-03-21T18:50:28.250Z,1.00,1.00
2015-03-21T18:50:18.922Z,1.00,1.00
2015-03-21T18:50:12.218Z,1.00,1.00
2015-03-21T18:50:04.643Z,1.00,1.00
2015-03-21T18:49:59.819Z,1.00,1.00
2015-03-21T18:49:54.213Z,1.00,1.00
2015-03-21T18:49:38.069Z,1.00,1.00
2015-03-21T18:49:11.826Z,1.00,1.00
2015-03-21T18:48:44.236Z,1.00,1.00
2015-03-21T18:48:39.209Z,1.00,1.00
2015-03-21T18:48:18.177Z,1.00,1.00
2015-03-21T18:48:11.366Z,1.00,1.00
2015-03-21T18:47:54.848Z,1.00,1.00
2015-03-21T18:47:44.623Z,1.00,1.00
2015-03-21T18:47:23.995Z,1.00,1.00
2015-03-21T18:47:02.247Z,1.00,1.00
2015-03-21T18:46:47.402Z,0.05766514,17.34150
2015-03-21T18:46:39.763Z,1.00,1.00
2015-03-21T18:46:29.414Z,1.00,1.00
2015-03-21T18:46:16.844Z,1.00,1.00
2015-03-21T18:46:04.814Z,1.00,1.00
2015-03-21T18:45:58.611Z,1.00,1.00
2015-03-21T18:45:53.513Z,1.00,1.00
2015-03-21T18:45:42.896Z,1.00,1.00
2015-03-21T18:45:36.689Z,1.00,1.00
2015-03-21T18:45:24.068Z,1.00,1.00
2015-03-21T18:45:16.313Z,1.00,1.00
2015-03-21T18:44:59.605Z,1.00,1.00
2015-03-21T18:44:41.839Z,1.00,1.00
2015-03-21T18:44:37.419Z,1.00,1.00
2015-03-21T18:44:32.979Z,1.00,1.00
2015-03-21T18:44:23.453Z,1.00,1.00
2015-03-21T18:44:18.816Z,1.00,1.00
2015-03-21T18:44:12.805Z,1.00,1.00
2015-03-21T18:44:03.023Z,1.00,1.00
2015-03-21T18:43:57.773Z,1.00,1.00
2015-03-21T18:43:46.961Z,1.00,1.00
2015-03-21T18:43:35.196Z,1.00,1.00
2015-03-21T18:43:30.104Z,1.00,1.00
2015-03-21T18:43:17.987Z,1.00,1.00
2015-03-21T18:43:13.366Z,1.00,1.00
2015-03-21T18:42:56.118Z,1.00,1.00
2015-03-21T18:42:34.972Z,1.00,1.00
2015-03-21T18:42:30.068Z,1.00,1.00
2015-03-21T18:42:13.488Z,1.00,1.00
2015-03-21T18:41:52.726Z,1.00,1.00
2015-03-21T18:41:39.016Z,1.00,1.00
2015-03-21T18:41:23.562Z,1.00,1.00
2015-03-21T18:40:59.885Z,1.00,1.00
2015-03-21T18:40:54.158Z,1.00,1.00
2015-03-21T18:40:49.064Z,1.00,1.00
2015-03-21T18:40:42.251Z,1.00,1.00
2015-03-21T18:40:33.064Z,1.00,1.00
2015-03-21T18:30:18.047Z,1.00,1.00
2015-03-21T18:30:11.117Z,1.00,1.00
2015-03-21T18:30:04.856Z,1.00,1.00
2015-03-21T18:29:59.266Z,1.00,1.00
2015-03-21T18:29:53.563Z,1.00,1.00
2015-03-21T18:29:47.569Z,1.00,1.00
2015-03-21T18:29:42.795Z,1.00,1.00
2015-03-21T18:29:31.730Z,1.00,1.00
2015-03-21T18:29:22.203Z,1.00,1.00
2015-03-21T18:29:15.213Z,1.00,1.00
2015-03-21T18:29:08.538Z,1.00,1.00
2015-03-21T18:29:01.082Z,1.00,1.00
2015-03-21T18:28:54.926Z,1.00,1.00
2015-03-21T18:28:44.265Z,1.00,1.00
2015-03-21T18:28:38.271Z,1.00,1.00
2015-03-21T18:28:32.579Z,1.00,1.00
2015-03-21T18:28:21.212Z,1.00,1.00
2015-03-21T18:28:15.691Z,1.00,1.00
2015-03-21T18:28:06.236Z,1.00,1.00
2015-03-21T18:28:04.841Z,1.00,1.00
2015-03-21T18:27:54.015Z,1.00,1.00
2015-03-21T18:27:47.925Z,1.00,1.00
2015-03-21T18:27:35.546Z,1.00,1.00
2015-03-21T18:27:29.747Z,1.00,1.00
2015-03-21T18:27:13.453Z,1.00,1.00
2015-03-21T18:27:00.285Z,1.00,1.00
2015-03-21T18:26:32.856Z,1.00,1.00
2015-03-21T18:26:22.166Z,1.00,1.00
2015-03-21T18:26:16.426Z,1.00,1.00
2015-03-21T18:26:04.507Z,0.92,1.08205
2015-03-21T18:25:57.310Z,1.00,1.00
2015-03-21T18:25:50.873Z,1.00,1.00
2015-03-21T18:25:40.333Z,1.00,1.00
2015-03-21T18:25:39.021Z,1.00,1.00
2015-03-21T18:25:28.993Z,1.00,1.00
2015-03-21T18:25:19.505Z,1.00,1.00
2015-03-21T18:25:13.228Z,1.00,1.00
2015-03-21T18:25:07.399Z,1.00,1.00
2015-03-21T18:24:56.663Z,1.00,1.00
2015-03-21T18:24:51.240Z,1.00,1.00
2015-03-21T18:24:44.109Z,1.00,1.00
2015-03-21T18:24:37.181Z,1.00,1.00
2015-03-21T18:24:31.676Z,1.00,1.00
2015-03-21T18:24:19.428Z,1.00,1.00
2015-03-21T18:24:17.960Z,1.00,1.00
2015-03-21T18:24:11.199Z,1.00,1.00
2015-03-21T18:24:04.566Z,1.00,1.00
2015-03-21T18:23:59.000Z,0.92,1.08205
2015-03-21T18:23:44.923Z,1.00,1.00
2015-03-21T18:23:36.724Z,1.00,1.00
2015-03-21T18:23:29.356Z,1.00,1.00
2015-03-21T18:23:16.431Z,1.00,1.00
2015-03-21T18:23:05.664Z,1.00,1.00
2015-03-21T18:22:57.654Z,1.00,1.00
2015-03-21T18:22:51.920Z,1.00,1.00
2015-03-21T18:22:28.669Z,1.00,1.00
2015-03-21T18:22:21.002Z,1.00,1.00
2015-03-21T18:22:14.171Z,1.00,1.00
2015-03-21T18:22:04.453Z,0.92,1.08205
2015-03-21T18:21:52.362Z,1.00,1.00
2015-03-21T18:21:46.377Z,1.00,1.00
2015-03-21T18:21:39.978Z,1.00,1.00
2015-03-21T18:21:31.180Z,1.00,1.00
2015-03-21T18:21:19.702Z,1.00,1.00
2015-03-21T18:21:09.752Z,1.00,1.00
2015-03-21T18:20:54.993Z,1.00,1.00
2015-03-21T18:20:46.751Z,1.00,1.00
2015-03-21T18:20:34.926Z,1.00,1.00
2015-03-21T18:20:27.544Z,1.00,1.00
2015-03-21T18:20:20.462Z,1.00,1.00
2015-03-21T18:20:12.557Z,1.00,1.00
2015-03-21T18:20:06.537Z,1.00,1.00
2015-03-21T18:19:58.704Z,1.00,1.00
2015-03-21T18:19:47.849Z,1.00,1.00
2015-03-21T18:19:37.256Z,1.00,1.00
2015-03-21T18:19:21.250Z,1.00,1.00
2015-03-21T18:19:08.915Z,1.00,1.00
2015-03-21T18:18:59.137Z,1.00,1.00
2015-03-21T18:18:47.592Z,1.00,1.00
2015-03-21T18:18:37.668Z,1.00,1.00
2015-03-21T18:18:27.781Z,1.00,1.00
2015-03-21T18:18:20.418Z,1.00,1.00
2015-03-21T18:18:12.533Z,1.00,1.00
2015-03-21T18:18:06.116Z,1.00,1.00
2015-03-21T18:17:55.284Z,1.00,1.00
2015-03-21T18:17:48.375Z,1.00,1.00
2015-03-21T18:17:41.687Z,1.00,1.00
2015-03-21T18:17:27.451Z,1.00,1.00
2015-03-21T18:17:18.277Z,1.00,1.00
2015-03-21T18:17:07.019Z,1.00,1.00
2015-03-21T18:16:53.781Z,1.00,1.00
2015-03-21T18:16:42.418Z,1.00,1.00
2015-03-21T18:16:36.071Z,1.00,1.00
2015-03-21T18:16:28.632Z,1.00,1.00
2015-03-21T18:16:15.845Z,1.00,1.00
2015-03-21T18:16:02.713Z,1.00,1.00
2015-03-21T18:15:50.754Z,1.00,1.00
2015-03-21T18:15:39.076Z,1.00,1.00
2015-03-21T18:15:29.105Z,1.00,1.00
2015-03-21T18:15:18.806Z,1.00,1.00
2015-03-21T18:15:07.968Z,1.00,1.00
2015-03-21T18:14:56.435Z,1.00,1.00
2015-03-21T18:14:41.432Z,1.00,1.00
2015-03-21T18:14:18.768Z,1.00,1.00
2015-03-21T18:14:08.467Z,1.00,1.00
2015-03-21T18:13:53.828Z,1.00,1.00
2015-03-21T18:13:44.452Z,1.00,1.00
2015-03-21T18:13:09.081Z,1.00,1.00
2015-03-21T18:13:01.918Z,1.00,1.00
2015-03-21T18:12:52.804Z,1.00,1.00
2015-03-21T18:12:45.256Z,1.00,1.00
2015-03-21T18:12:40.265Z,1.00,1.00
2015-03-21T18:12:33.811Z,1.00,1.00
2015-03-21T18:12:19.690Z,1.00,1.00
2015-03-21T18:12:05.730Z,1.00,1.00
2015-03-21T18:11:54.064Z,0.05766514,17.34150
2015-03-21T18:11:44.236Z,1.00,1.00
2015-03-21T18:11:32.189Z,1.00,1.00
2015-03-21T18:11:17.758Z,1.00,1.00
2015-03-21T18:11:08.188Z,1.00,1.00
2015-03-21T18:10:57.461Z,1.00,1.00
2015-03-21T18:10:52.143Z,1.00,1.00
2015-03-21T18:10:46.168Z,1.00,1.00
2015-03-21T18:10:35.754Z,1.00,1.00
2015-03-21T18:10:13.906Z,1.00,1.00
2015-03-21T18:10:04.844Z,1.00,1.00
2015-03-21T18:09:50.316Z,1.00,1.00
2015-03-21T18:09:39.394Z,1.00,1.00
2015-03-21T18:09:32.718Z,1.00,1.00
2015-03-21T18:09:27.945Z,1.00,1.00
2015-03-21T18:09:19.778Z,1.00,1.00
2015-03-21T18:09:12.830Z,1.00,1.00
2015-03-21T18:09:00.959Z,1.00,1.00
2015-03-21T18:08:53.096Z,1.00,1.00
2015-03-21T18:08:36.915Z,1.00,1.00
2015-03-21T18:08:31.319Z,1.00,1.00
2015-03-21T18:08:25.586Z,1.00,1.00
2015-03-21T18:08:20.171Z,1.00,1.00
2015-03-21T18:08:14.926Z,1.00,1.00
2015-03-21T18:08:09.305Z,1.00,1.00
2015-03-21T18:08:00.552Z,1.00,1.00
2015-03-21T18:07:54.777Z,1.00,1.00
2015-03-21T18:07:45.402Z,1.00,1.00
2015-03-21T18:07:36.572Z,1.00,1.00
2015-03-21T18:07:24.224Z,1.00,1.00
2015-03-21T18:07:19.072Z,1.00,1.00
2015-03-21T18:07:14.286Z,1.00,1.00
2015-03-21T18:07:08.859Z,1.00,1.00
2015-03-21T18:07:02.381Z,1.00,1.00
2015-03-21T18:06:57.812Z,1.00,1.00
2015-03-21T18:06:48.067Z,1.00,1.00
2015-03-21T18:06:37.270Z,1.00,1.00
2015-03-21T18:06:16.899Z,1.00,1.00
2015-03-21T18:06:11.372Z,1.00,1.00
2015-03-21T18:06:05.882Z,1.00,1.00
2015-03-21T18:05:54.200Z,1.00,1.00
2015-03-21T18:05:45.719Z,1.00,1.00
2015-03-21T18:05:35.382Z,1.00,1.00
2015-03-21T18:04:47.821Z,1.00,1.00
2015-03-21T18:04:42.066Z,1.00,1.00
2015-03-21T18:04:37.602Z,0.92,1.08205
2015-03-21T18:04:24.144Z,1.00,1.00
2015-03-21T18:03:34.703Z,1.00,1.00
2015-03-21T18:03:20.403Z,0.92,1.08205
2015-03-21T18:03:10.751Z,1.00,1.00
2015-03-21T18:02:56.015Z,1.00,1.00
2015-03-21T18:02:49.808Z,1.00,1.00
2015-03-21T18:02:36.689Z,1.00,1.00
2015-03-21T18:02:04.564Z,1.00,1.00
2015-03-21T18:01:45.602Z,1.00,1.00
2015-03-21T18:01:36.722Z,1.00,1.00
2015-03-21T18:01:25.622Z,1.00,1.00
2015-03-21T18:01:15.591Z,1.00,1.00
2015-03-21T18:01:07.854Z,1.00,1.00
2015-03-21T18:00:58.667Z,1.00,1.00
2015-03-21T18:00:53.478Z,1.00,1.00
2015-03-21T18:00:42.276Z,1.00,1.00
2015-03-21T18:00:35.053Z,1.00,1.00
2015-03-21T18:00:24.093Z,1.00,1.00
2015-03-21T18:00:16.971Z,1.00,1.00
2015-03-21T18:00:03.275Z,0.05766514,17.34150
2015-03-21T17:59:52.354Z,1.00,1.00
2015-03-21T17:59:44.969Z,1.00,1.00
2015-03-21T17:59:33.200Z,1.00,1.00
2015-03-21T17:59:22.994Z,1.00,1.00
2015-03-21T17:58:45.288Z,1.00,1.00
2015-03-21T17:58:29.465Z,1.00,1.00
2015-03-21T17:58:20.009Z,1.00,1.00
2015-03-21T17:58:13.824Z,1.00,1.00
2015-03-21T17:58:08.089Z,1.00,1.00
2015-03-21T17:57:57.652Z,1.00,1.00
2015-03-21T17:57:28.161Z,1.00,1.00
2015-03-21T17:57:16.400Z,1.00,1.00
2015-03-21T17:57:05.732Z,1.00,1.00
2015-03-21T17:56:57.716Z,1.00,1.00
2015-03-21T17:56:51.027Z,1.00,1.00
2015-03-21T17:56:42.131Z,1.00,1.00
2015-03-21T17:56:29.603Z,1.00,1.00
2015-03-21T17:56:19.200Z,0.67,1.49530
2015-03-21T17:56:00.990Z,1.00,1.00
2015-03-21T17:55:39.454Z,1.00,1.00
2015-03-21T17:55:12.762Z,1.00,1.00
2015-03-21T17:55:07.348Z,1.00,1.00
2015-03-21T17:55:00.029Z,1.00,1.00
2015-03-21T17:54:31.003Z,1.00,1.00
2015-03-21T17:54:17.951Z,1.00,1.00
2015-03-21T17:54:06.899Z,1.00,1.00
2015-03-21T17:54:00.812Z,1.00,1.00
2015-03-21T17:53:51.175Z,1.00,1.00
2015-03-21T17:53:44.943Z,1.00,1.00
2015-03-21T17:53:37.830Z,1.00,1.00
2015-03-21T17:53:26.258Z,1.00,1.00
2015-03-21T17:53:11.750Z,1.00,1.00
2015-03-21T17:53:01.971Z,1.00,1.00
2015-03-21T17:52:55.440Z,1.00,1.00
2015-03-21T17:52:48.690Z,15.06,0.06640
2015-03-21T17:52:39.712Z,1.00,1.00
2015-03-21T17:52:28.838Z,1.00,1.00
2015-03-21T17:52:13.981Z,1.00,1.00
2015-03-21T17:52:08.205Z,1.00,1.00
2015-03-21T17:52:02.170Z,1.00,1.00
2015-03-21T17:51:21.680Z,1.00,1.00
2015-03-21T17:51:03.686Z,1.00,1.00
2015-03-21T17:50:56.978Z,0.92,1.08205
2015-03-21T17:50:47.256Z,1.00,1.00
2015-03-21T17:50:36.585Z,1.00,1.00
2015-03-21T17:50:21.023Z,1.00,1.00
2015-03-21T17:50:15.626Z,1.00,1.00
2015-03-21T17:50:05.084Z,1.00,1.00
2015-03-21T17:49:57.967Z,1.00,1.00
2015-03-21T17:49:19.253Z,1.00,1.00
2015-03-21T17:49:14.655Z,1.00,1.00
2015-03-21T17:49:05.107Z,1.00,1.00
2015-03-21T17:48:59.786Z,1.00,1.00
2015-03-21T17:48:43.064Z,1.00,1.00
2015-03-21T17:48:37.515Z,1.00,1.00
2015-03-21T17:47:59.538Z,1.00,1.00
2015-03-21T17:47:22.245Z,1.00,1.00
2015-03-21T17:47:09.698Z,1.00,1.00
2015-03-21T17:46:59.255Z,1.00,1.00
2015-03-21T17:45:46.239Z,1.00,1.00
2015-03-21T17:45:37.883Z,1.00,1.00
2015-03-21T17:45:33.383Z,1.00,1.00
2015-03-21T17:45:10.278Z,15.06,0.06640
2015-03-21T17:44:53.173Z,1.00,1.00
2015-03-21T17:44:47.308Z,15.06,0.06640
2015-03-21T17:44:42.247Z,1.00,1.00
2015-03-21T17:44:09.191Z,1.00,1.00
2015-03-21T17:44:04.018Z,1.00,1.00
2015-03-21T17:43:53.233Z,1.00,1.00
2015-03-21T17:43:42.298Z,1.00,1.00
2015-03-21T17:43:36.499Z,1.00,1.00
2015-03-21T17:43:28.989Z,1.00,1.00
2015-03-21T17:42:49.479Z,1.00,1.00
2015-03-21T17:42:43.208Z,1.00,1.00
2015-03-21T17:42:31.280Z,1.00,1.00
2015-03-21T17:42:21.535Z,1.00,1.00
2015-03-21T17:42:15.033Z,1.00,1.00
2015-03-21T17:41:54.066Z,1.00,1.00
2015-03-21T17:41:46.567Z,1.00,1.00
2015-03-21T17:41:35.373Z,1.00,1.00
2015-03-21T17:41:22.509Z,1.00,1.00
2015-03-21T17:41:14.024Z,1.00,1.00
2015-03-21T17:41:08.627Z,1.00,1.00
2015-03-21T17:41:03.487Z,1.00,1.00
2015-03-21T17:40:55.371Z,1.00,1.00
2015-03-21T17:40:34.992Z,1.00,1.00
2015-03-21T17:40:18.354Z,1.00,1.00
2015-03-21T17:39:48.335Z,1.00,1.00
2015-03-21T17:39:33.028Z,1.00,1.00
2015-03-21T17:39:20.912Z,1.00,1.00
2015-03-21T17:39:09.900Z,1.00,1.00
2015-03-21T17:38:55.507Z,1.00,1.00
2015-03-21T17:38:44.584Z,1.00,1.00
2015-03-21T17:38:32.110Z,1.00,1.00
2015-03-21T17:38:09.162Z,1.00,1.00
2015-03-21T17:37:55.937Z,1.00,1.00
2015-03-21T17:37:24.079Z,1.00,1.00
2015-03-21T17:37:08.152Z,1.00,1.00
2015-03-21T17:37:02.801Z,1.00,1.00
2015-03-21T17:36:08.441Z,1.00,1.00
2015-03-21T17:35:58.495Z,1.00,1.00
2015-03-21T17:35:31.813Z,1.00,1.00
2015-03-21T17:35:25.161Z,1.00,1.00
2015-03-21T17:35:18.234Z,1.00,1.00
2015-03-21T17:35:10.833Z,1.00,1.00
2015-03-21T17:35:01.222Z,1.00,1.00
2015-03-21T17:34:55.549Z,1.00,1.00
2015-03-21T17:34:48.840Z,1.00,1.00
2015-03-21T17:34:43.481Z,15.06,0.06640
2015-03-21T17:34:37.231Z,1.00,1.00
2015-03-21T17:34:18.920Z,1.00,1.00
2015-03-21T17:34:13.793Z,1.00,1.00
2015-03-21T17:34:07.390Z,1.00,1.00
2015-03-21T17:33:58.886Z,1.00,1.00
2015-03-21T17:33:42.934Z,1.00,1.00
2015-03-21T17:33:36.738Z,1.00,1.00
2015-03-21T17:33:26.348Z,1.00,1.00
2015-03-21T17:33:18.353Z,1.00,1.00
2015-03-21T17:33:06.606Z,1.00,1.00
2015-03-21T17:32:44.407Z,1.00,1.00
2015-03-21T17:32:34.265Z,1.00,1.00
2015-03-21T17:32:29.504Z,1.00,1.00
2015-03-21T17:32:20.778Z,1.00,1.00
2015-03-21T17:32:00.869Z,1.00,1.00
2015-03-21T17:31:31.854Z,1.00,1.00
2015-03-21T17:31:10.508Z,1.00,1.00
2015-03-21T17:31:04.154Z,1.00,1.00
2015-03-21T17:30:52.170Z,1.00,1.00
2015-03-21T17:30:46.842Z,1.00,1.00
2015-03-21T17:30:40.228Z,1.00,1.00
2015-03-21T17:12:33.274Z,1.00,1.00
2015-03-21T17:12:23.662Z,1.00,1.00
2015-03-21T17:12:10.300Z,1.00,1.00
2015-03-21T17:11:58.393Z,1.00,1.00
2015-03-21T17:11:49.879Z,1.00,1.00
2015-03-21T17:11:44.565Z,1.00,1.00
2015-03-21T17:11:36.182Z,1.00,1.00
2015-03-21T17:11:25.806Z,1.00,1.00
2015-03-21T17:11:24.849Z,1.00,1.00
2015-03-21T17:11:13.131Z,1.00,1.00
2015-03-21T17:11:06.276Z,1.00,1.00
2015-03-21T17:10:55.001Z,1.00,1.00
2015-03-21T17:10:47.179Z,1.00,1.00
2015-03-21T17:10:39.416Z,1.00,1.00
2015-03-21T17:10:29.128Z,1.00,1.00
2015-03-21T17:10:20.391Z,1.00,1.00
2015-03-21T17:10:10.492Z,1.00,1.00
2015-03-21T17:09:56.454Z,1.00,1.00
2015-03-21T17:08:21.393Z,1.00,1.00
2015-03-21T17:08:10.277Z,1.00,1.00
2015-03-21T17:07:46.828Z,1.00,1.00
2015-03-21T17:07:28.492Z,1.00,1.00
2015-03-21T17:07:13.765Z,1.00,1.00
2015-03-21T17:06:59.778Z,1.00,1.00
2015-03-21T17:06:48.626Z,1.00,1.00
2015-03-21T17:06:39.681Z,1.00,1.00
2015-03-21T17:06:32.441Z,1.00,1.00
2015-03-21T17:06:25.467Z,1.00,1.00
2015-03-21T17:06:18.665Z,1.00,1.00
2015-03-21T17:06:06.992Z,1.00,1.00
2015-03-21T17:05:47.734Z,1.00,1.00
2015-03-21T17:05:35.335Z,1.00,1.00
2015-03-21T17:05:29.348Z,1.00,1.00
2015-03-21T17:05:18.579Z,1.00,1.00
2015-03-21T17:05:05.654Z,1.00,1.00
2015-03-21T17:04:49.764Z,1.00,1.00
2015-03-21T17:04:45.535Z,1.00,1.00
2015-03-21T17:04:30.548Z,1.00,1.00
2015-03-21T17:04:24.812Z,1.00,1.00
2015-03-21T17:04:15.646Z,1.00,1.00
2015-03-21T17:04:04.865Z,1.00,1.00
2015-03-21T17:03:52.317Z,1.00,1.00
2015-03-21T17:03:41.483Z,1.00,1.00
2015-03-21T17:03:30.671Z,1.00,1.00
2015-03-21T17:03:10.556Z,1.00,1.00
2015-03-21T17:03:00.619Z,1.00,1.00
2015-03-21T17:02:51.256Z,1.00,1.00
2015-03-21T17:02:43.914Z,1.00,1.00
2015-03-21T17:02:37.402Z,1.00,1.00
2015-03-21T17:02:29.596Z,1.00,1.00
2015-03-21T17:02:14.398Z,0.67,1.49530
2015-03-21T17:02:08.759Z,0.00084526,1183.07075
2015-03-21T17:01:57.136Z,1.00,1.00
2015-03-21T17:01:49.305Z,1.00,1.00
2015-03-21T17:01:35.702Z,1.00,1.00
2015-03-21T17:01:23.138Z,1.00,1.00
2015-03-21T17:00:18.288Z,1.00,1.00
2015-03-21T17:00:08.659Z,1.00,1.00
2015-03-21T16:59:54.329Z,1.00,1.00
2015-03-21T16:59:47.448Z,1.00,1.00
2015-03-21T16:59:40.667Z,1.00,1.00
2015-03-21T16:59:30.015Z,1.00,1.00
2015-03-21T16:59:23.015Z,1.00,1.00
2015-03-21T16:59:14.664Z,1.00,1.00
2015-03-21T16:59:07.705Z,1.00,1.00
2015-03-21T16:58:58.641Z,1.00,1.00
2015-03-21T16:58:48.194Z,1.00,1.00
2015-03-21T16:58:38.225Z,1.00,1.00
2015-03-21T16:57:11.847Z,1.00,1.00
2015-03-21T16:57:00.031Z,1.00,1.00
2015-03-21T16:56:47.175Z,1.00,1.00
2015-03-21T16:56:34.975Z,1.00,1.00
2015-03-21T16:56:25.428Z,1.00,1.00
2015-03-21T16:56:11.985Z,1.00,1.00
2015-03-21T16:55:03.739Z,1.00,1.00
2015-03-21T16:54:52.276Z,1.00,1.00
2015-03-21T16:54:45.834Z,1.00,1.00
2015-03-21T16:54:32.450Z,1.00,1.00
2015-03-21T16:54:21.343Z,1.00,1.00
2015-03-21T16:54:09.161Z,1.00,1.00
2015-03-21T16:53:58.441Z,1.00,1.00
2015-03-21T16:53:44.827Z,1.00,1.00
2015-03-21T16:53:36.911Z,1.00,1.00
2015-03-21T16:53:19.948Z,1.00,1.00
2015-03-21T16:53:11.080Z,1.00,1.00
2015-03-21T16:52:39.868Z,1.00,1.00
2015-03-21T16:52:33.308Z,0.05766514,17.34150
2015-03-21T16:52:23.724Z,1.00,1.00
2015-03-21T16:52:16.304Z,1.00,1.00
2015-03-21T16:52:09.248Z,1.00,1.00
2015-03-21T16:52:03.496Z,1.00,1.00
2015-03-21T16:52:02.618Z,1.00,1.00
2015-03-21T16:51:56.139Z,1.00,1.00
2015-03-21T16:51:45.676Z,1.00,1.00
2015-03-21T16:51:35.001Z,1.00,1.00
2015-03-21T16:51:24.553Z,1.00,1.00
2015-03-21T16:51:16.306Z,1.00,1.00
2015-03-21T16:51:09.788Z,1.00,1.00
2015-03-21T16:50:55.172Z,1.00,1.00
2015-03-21T16:50:49.366Z,1.00,1.00
2015-03-21T16:50:41.531Z,1.00,1.00
2015-03-21T16:50:28.578Z,1.00,1.00
2015-03-21T16:50:04.909Z,1.00,1.00
2015-03-21T16:49:56.397Z,0.92,1.08205
2015-03-21T16:49:50.250Z,1.00,1.00
2015-03-21T16:49:38.445Z,1.00,1.00
2015-03-21T16:49:26.289Z,1.00,1.00
2015-03-21T16:49:08.322Z,1.00,1.00
2015-03-21T16:48:58.507Z,1.00,1.00
2015-03-21T16:48:52.172Z,1.00,1.00
2015-03-21T16:48:42.764Z,1.00,1.00
2015-03-21T16:48:22.545Z,1.00,1.00
2015-03-21T16:48:14.742Z,1.00,1.00
2015-03-21T16:48:07.149Z,1.00,1.00
2015-03-21T16:47:26.992Z,1.00,1.00
2015-03-21T16:47:12.609Z,1.00,1.00
2015-03-21T16:47:01.287Z,1.00,1.00
2015-03-21T16:46:55.110Z,1.00,1.00
2015-03-21T16:46:47.531Z,1.00,1.00
2015-03-21T16:46:06.455Z,1.00,1.00
2015-03-21T16:45:58.222Z,1.00,1.00
2015-03-21T16:45:51.688Z,1.00,1.00
2015-03-21T16:45:46.608Z,1.00,1.00
2015-03-21T16:45:34.489Z,1.00,1.00
2015-03-21T16:45:24.244Z,1.00,1.00
2015-03-21T16:45:12.076Z,1.00,1.00
2015-03-21T16:45:04.642Z,1.00,1.00
2015-03-21T16:44:57.766Z,1.00,1.00
2015-03-21T16:44:51.571Z,1.00,1.00
2015-03-21T16:44:42.101Z,1.00,1.00
2015-03-21T16:44:11.636Z,1.00,1.00
2015-03-21T16:44:01.859Z,1.00,1.00
2015-03-21T16:43:47.339Z,1.00,1.00
2015-03-21T16:43:37.499Z,1.00,1.00
2015-03-21T16:43:27.321Z,1.00,1.00
2015-03-21T16:43:16.267Z,1.00,1.00
2015-03-21T16:43:15.630Z,1.00,1.00
2015-03-21T16:43:14.926Z,1.00,1.00
2015-03-21T16:43:09.159Z,1.00,1.00
2015-03-21T16:43:04.120Z,1.00,1.00
2015-03-21T16:42:57.562Z,1.00,1.00
2015-03-21T16:42:49.596Z,1.00,1.00
2015-03-21T16:42:38.728Z,1.00,1.00
2015-03-21T16:42:33.281Z,1.00,1.00
2015-03-21T16:42:21.654Z,0.00128314,779.33790
2015-03-21T16:42:05.082Z,1.00,1.00
2015-03-21T16:42:03.947Z,1.00,1.00
2015-03-21T16:41:45.107Z,1.00,1.00
2015-03-21T16:41:37.933Z,1.00,1.00
2015-03-21T16:41:33.646Z,1.00,1.00
2015-03-21T16:41:23.857Z,1.00,1.00
2015-03-21T16:41:15.991Z,1.00,1.00
2015-03-21T16:41:05.139Z,1.00,1.00
2015-03-21T16:40:58.723Z,1.00,1.00
2015-03-21T16:40:53.412Z,1.00,1.00
2015-03-21T16:40:46.997Z,1.00,1.00
2015-03-21T16:40:35.979Z,1.00,1.00
2015-03-21T16:40:35.018Z,1.00,1.00
2015-03-21T16:40:23.613Z,1.00,1.00
2015-03-21T16:40:08.645Z,1.00,1.00
2015-03-21T16:39:56.806Z,1.00,1.00
2015-03-21T16:38:13.230Z,1.00,1.00
2015-03-21T16:38:08.147Z,1.00,1.00
2015-03-21T16:38:03.199Z,1.00,1.00
2015-03-21T16:37:57.618Z,1.00,1.00
2015-03-21T16:37:52.376Z,1.00,1.00
2015-03-21T16:37:46.259Z,1.00,1.00
2015-03-21T16:37:33.833Z,1.00,1.00
2015-03-21T16:37:32.208Z,1.00,1.00
2015-03-21T16:37:25.844Z,1.00,1.00
2015-03-21T16:37:19.904Z,1.00,1.00
2015-03-21T16:37:14.543Z,1.00,1.00
2015-03-21T16:37:07.465Z,1.00,1.00
2015-03-21T16:37:00.273Z,1.00,1.00
2015-03-21T16:36:55.341Z,1.00,1.00
2015-03-21T16:36:50.004Z,1.00,1.00
2015-03-21T16:36:44.505Z,1.00,1.00
2015-03-21T16:36:34.043Z,0.92,1.08205
2015-03-21T16:36:21.308Z,1.00,1.00
2015-03-21T16:36:15.536Z,1.00,1.00
2015-03-21T16:36:10.332Z,1.00,1.00
2015-03-21T16:36:05.603Z,1.00,1.00
2015-03-21T16:36:00.126Z,1.00,1.00
2015-03-21T16:35:52.155Z,1.00,1.00
2015-03-21T16:35:45.835Z,1.00,1.00
2015-03-21T16:35:36.331Z,1.00,1.00
2015-03-21T16:35:27.508Z,1.00,1.00
2015-03-21T16:35:17.734Z,1.00,1.00
2015-03-21T16:35:12.206Z,1.00,1.00
2015-03-21T16:35:01.067Z,1.00,1.00
2015-03-21T16:34:55.313Z,1.00,1.00
2015-03-21T16:34:48.134Z,1.00,1.00
2015-03-21T16:34:42.947Z,1.00,1.00
2015-03-21T16:34:37.247Z,1.00,1.00
2015-03-21T16:34:25.653Z,1.00,1.00
2015-03-21T16:34:13.912Z,1.00,1.00
2015-03-21T16:34:12.586Z,1.00,1.00
2015-03-21T16:34:04.591Z,1.00,1.00
2015-03-21T16:33:51.615Z,1.00,1.00
2015-03-21T16:33:50.540Z,1.00,1.00
2015-03-21T16:33:38.309Z,1.00,1.00
2015-03-21T16:33:26.716Z,1.00,1.00
2015-03-21T16:33:17.234Z,1.00,1.00
2015-03-21T16:33:06.697Z,1.00,1.00
2015-03-21T16:32:58.718Z,1.00,1.00
2015-03-21T16:32:52.333Z,1.00,1.00
2015-03-21T16:32:46.435Z,1.00,1.00
2015-03-21T16:32:37.359Z,1.00,1.00
2015-03-21T16:32:27.276Z,1.00,1.00
2015-03-21T16:32:15.932Z,1.00,1.00
2015-03-21T16:32:03.857Z,1.00,1.00
2015-03-21T16:31:50.468Z,1.00,1.00
2015-03-21T16:31:40.986Z,1.00,1.00
2015-03-21T16:31:27.142Z,1.00,1.00
2015-03-21T16:31:19.634Z,1.00,1.00
2015-03-21T16:31:12.950Z,1.00,1.00
2015-03-21T16:31:06.868Z,1.00,1.00
2015-03-21T16:30:57.501Z,1.00,1.00
2015-03-21T16:30:51.481Z,1.00,1.00
2015-03-21T16:30:40.333Z,1.00,1.00
2015-03-21T16:30:27.843Z,1.00,1.00
2015-03-21T16:30:09.571Z,1.00,1.00
2015-03-21T16:29:56.231Z,1.00,1.00
2015-03-21T16:29:48.948Z,1.00,1.00
2015-03-21T16:29:32.883Z,1.00,1.00
2015-03-21T16:29:22.023Z,1.00,1.00
2015-03-21T16:29:09.236Z,1.00,1.00
2015-03-21T16:28:54.507Z,0.92,1.08205
2015-03-21T16:28:53.693Z,0.92,1.08205
2015-03-21T16:28:47.719Z,1.00,1.00
2015-03-21T16:28:35.813Z,1.00,1.00
2015-03-21T16:28:16.206Z,1.00,1.00
2015-03-21T16:28:03.292Z,1.00,1.00
2015-03-21T16:27:49.687Z,1.00,1.00
2015-03-21T16:27:37.897Z,1.00,1.00
2015-03-21T16:27:29.454Z,1.00,1.00
2015-03-21T16:27:17.527Z,1.00,1.00
2015-03-21T16:27:06.421Z,1.00,1.00
2015-03-21T16:26:53.835Z,1.00,1.00
2015-03-21T16:26:46.314Z,1.00,1.00
2015-03-21T16:26:36.453Z,1.00,1.00
2015-03-21T16:26:30.639Z,1.00,1.00
2015-03-21T16:26:22.458Z,1.00,1.00
2015-03-21T16:26:13.119Z,1.00,1.00
2015-03-21T16:26:02.293Z,1.00,1.00
2015-03-21T16:25:55.551Z,1.00,1.00
2015-03-21T16:25:54.821Z,1.00,1.00
2015-03-21T16:25:45.597Z,1.00,1.00
2015-03-21T16:25:35.340Z,1.00,1.00
2015-03-21T16:25:25.988Z,1.00,1.00
2015-03-21T16:25:14.105Z,1.00,1.00
2015-03-21T16:25:05.617Z,1.00,1.00
2015-03-21T16:24:54.474Z,1.00,1.00
2015-03-21T16:24:44.170Z,1.00,1.00
2015-03-21T16:24:32.637Z,1.00,1.00
2015-03-21T16:24:25.790Z,1.00,1.00
2015-03-21T16:24:17.749Z,1.00,1.00
2015-03-21T16:24:10.858Z,1.00,1.00
2015-03-21T16:24:05.714Z,1.00,1.00
2015-03-21T16:23:49.388Z,1.00,1.00
2015-03-21T16:23:37.847Z,1.00,1.00
2015-03-21T16:23:13.227Z,1.00,1.00
2015-03-21T16:23:06.868Z,1.00,1.00
2015-03-21T16:22:58.536Z,1.00,1.00
2015-03-21T16:22:48.178Z,1.00,1.00
2015-03-21T16:22:35.768Z,1.00,1.00
2015-03-21T16:22:21.840Z,1.00,1.00
2015-03-21T16:22:11.643Z,1.00,1.00
2015-03-21T16:21:56.703Z,1.00,1.00
2015-03-21T16:21:16.642Z,1.00,1.00
2015-03-21T16:20:49.232Z,1.00,1.00
2015-03-21T16:20:39.244Z,1.00,1.00
2015-03-21T16:20:08.459Z,1.00,1.00
2015-03-21T16:19:52.129Z,0.05766514,17.34150
2015-03-21T16:19:40.754Z,1.00,1.00
2015-03-21T16:19:25.850Z,1.00,1.00
2015-03-21T16:19:12.116Z,1.00,1.00
2015-03-21T16:19:04.867Z,1.00,1.00
2015-03-21T16:18:52.325Z,1.00,1.00
2015-03-21T16:18:44.902Z,1.00,1.00
2015-03-21T16:18:36.759Z,1.00,1.00
2015-03-21T16:18:27.756Z,1.00,1.00
2015-03-21T16:18:18.539Z,0.05766514,17.34150
2015-03-21T16:18:08.457Z,1.00,1.00
2015-03-21T16:18:01.324Z,0.92,1.08205
2015-03-21T16:17:54.292Z,1.00,1.00
2015-03-21T16:17:44.620Z,1.00,1.00
2015-03-21T16:17:32.432Z,1.00,1.00
2015-03-21T16:17:19.436Z,1.00,1.00
2015-03-21T16:17:13.226Z,1.00,1.00
2015-03-21T16:17:02.673Z,1.00,1.00
2015-03-21T16:16:56.127Z,1.00,1.00
2015-03-21T16:16:46.431Z,1.00,1.00
2015-03-21T16:16:37.179Z,1.00,1.00
2015-03-21T16:16:25.673Z,1.00,1.00
2015-03-21T16:16:17.010Z,1.00,1.00
2015-03-21T16:16:06.093Z,1.00,1.00
2015-03-21T16:15:55.599Z,1.00,1.00
2015-03-21T16:15:47.126Z,1.00,1.00
2015-03-21T16:15:36.488Z,1.00,1.00
2015-03-21T16:15:23.080Z,1.00,1.00
2015-03-21T16:15:06.002Z,1.00,1.00
2015-03-21T16:14:54.768Z,1.00,1.00
2015-03-21T16:14:47.110Z,1.00,1.00
2015-03-21T16:14:33.270Z,1.00,1.00
2015-03-21T16:14:23.614Z,1.00,1.00
2015-03-21T16:14:14.091Z,1.00,1.00
2015-03-21T16:14:08.096Z,1.00,1.00
2015-03-21T16:13:51.077Z,1.00,1.00
2015-03-21T16:13:37.723Z,1.00,1.00
2015-03-21T16:13:23.782Z,1.00,1.00
2015-03-21T16:13:17.178Z,1.00,1.00
2015-03-21T16:13:09.181Z,1.00,1.00
2015-03-21T16:12:49.695Z,1.00,1.00
2015-03-21T16:12:22.144Z,1.00,1.00
2015-03-21T16:12:08.624Z,1.00,1.00
2015-03-21T16:12:00.705Z,1.00,1.00
2015-03-21T16:11:53.441Z,1.00,1.00
2015-03-21T16:11:41.591Z,1.00,1.00
2015-03-21T16:11:35.762Z,1.00,1.00
2015-03-21T16:11:24.986Z,1.00,1.00
2015-03-21T16:11:16.965Z,1.00,1.00
2015-03-21T16:11:02.391Z,1.00,1.00
2015-03-21T16:10:55.785Z,0.92,1.08205
2015-03-21T16:10:41.369Z,1.00,1.00
2015-03-21T16:10:20.185Z,1.00,1.00
2015-03-21T16:10:14.710Z,1.00,1.00
2015-03-21T16:09:32.524Z,1.00,1.00
2015-03-21T16:09:21.240Z,1.00,1.00
2015-03-21T16:08:56.794Z,15.06,0.06640
2015-03-21T16:08:48.888Z,1.00,1.00
2015-03-21T16:08:43.758Z,1.00,1.00
2015-03-21T16:08:35.118Z,1.00,1.00
2015-03-21T16:08:28.292Z,1.00,1.00
2015-03-21T16:08:17.774Z,1.00,1.00
2015-03-21T16:08:00.923Z,1.00,1.00
2015-03-21T16:07:55.665Z,1.00,1.00
2015-03-21T16:07:49.981Z,1.00,1.00
2015-03-21T16:07:40.402Z,1.00,1.00
2015-03-21T16:07:18.205Z,1.00,1.00
2015-03-21T16:07:13.523Z,1.00,1.00
2015-03-21T16:07:07.592Z,1.00,1.00
2015-03-21T16:06:59.812Z,1.00,1.00
2015-03-21T16:06:54.462Z,1.00,1.00
2015-03-21T16:06:35.030Z,1.00,1.00
2015-03-21T16:06:22.895Z,1.00,1.00
2015-03-21T16:06:17.047Z,1.00,1.00
2015-03-21T16:06:10.571Z,1.00,1.00
2015-03-21T16:06:04.097Z,1.00,1.00
2015-03-21T16:05:49.014Z,1.00,1.00
2015-03-21T16:05:43.263Z,1.00,1.00
2015-03-21T16:05:38.015Z,1.00,1.00
2015-03-21T16:05:31.384Z,1.00,1.00
2015-03-21T16:05:19.554Z,1.00,1.00
2015-03-21T16:05:02.310Z,1.00,1.00
2015-03-21T16:04:56.030Z,1.00,1.00
2015-03-21T16:04:50.536Z,1.00,1.00
2015-03-21T16:04:41.582Z,1.00,1.00
2015-03-21T16:04:34.503Z,1.00,1.00
2015-03-21T16:04:19.814Z,1.00,1.00
2015-03-21T16:04:13.414Z,1.00,1.00
2015-03-21T16:04:04.378Z,1.00,1.00
2015-03-21T16:03:59.127Z,1.00,1.00
2015-03-21T16:03:51.039Z,1.00,1.00
2015-03-21T16:03:45.703Z,1.00,1.00
2015-03-21T16:03:39.269Z,1.00,1.00
2015-03-21T16:03:34.478Z,1.00,1.00
2015-03-21T16:03:25.216Z,1.00,1.00
2015-03-21T16:03:01.707Z,1.00,1.00
2015-03-21T16:02:54.939Z,1.00,1.00
2015-03-21T16:02:48.710Z,1.00,1.00
2015-03-21T16:02:37.005Z,0.05766514,17.34150
2015-03-21T15:59:20.604Z,1.00,1.00
2015-03-21T15:59:19.300Z,1.00,1.00
2015-03-21T15:59:11.810Z,1.00,1.00
2015-03-21T15:59:06.782Z,1.00,1.00
2015-03-21T15:59:00.925Z,1.00,1.00
2015-03-21T15:58:53.099Z,1.00,1.00
2015-03-21T15:58:47.383Z,1.00,1.00
2015-03-21T15:58:40.811Z,1.00,1.00
2015-03-21T15:58:34.099Z,1.00,1.00
2015-03-21T15:58:28.348Z,1.00,1.00
2015-03-21T15:58:22.617Z,1.00,1.00
2015-03-21T15:58:12.472Z,1.00,1.00
2015-03-21T15:58:06.666Z,1.00,1.00
2015-03-21T15:58:01.182Z,1.00,1.00
2015-03-21T15:57:55.786Z,1.00,1.00
2015-03-21T15:57:48.381Z,1.00,1.00
2015-03-21T15:57:43.252Z,1.00,1.00
2015-03-21T15:57:36.548Z,1.00,1.00
2015-03-21T15:57:30.045Z,1.00,1.00
2015-03-21T15:57:24.733Z,1.00,1.00
2015-03-21T15:57:17.101Z,1.00,1.00
2015-03-21T15:57:03.485Z,1.00,1.00
2015-03-21T15:56:56.315Z,1.00,1.00
2015-03-21T15:56:49.636Z,1.00,1.00
2015-03-21T15:56:39.966Z,1.00,1.00
2015-03-21T15:56:25.056Z,1.00,1.00
2015-03-21T15:56:13.340Z,1.00,1.00
2015-03-21T15:56:07.581Z,1.00,1.00
2015-03-21T15:55:56.434Z,0.05766514,17.34150
2015-03-21T15:55:49.098Z,1.00,1.00
2015-03-21T15:55:37.877Z,1.00,1.00
2015-03-21T15:55:27.996Z,1.00,1.00
2015-03-21T15:55:18.768Z,1.00,1.00
2015-03-21T15:55:06.377Z,1.00,1.00
2015-03-21T15:54:55.528Z,1.00,1.00
2015-03-21T15:54:47.953Z,1.00,1.00
2015-03-21T15:54:42.184Z,1.00,1.00
2015-03-21T15:54:29.358Z,1.00,1.00
2015-03-21T15:54:24.095Z,1.00,1.00
2015-03-21T15:54:17.420Z,1.00,1.00
2015-03-21T15:54:08.537Z,1.00,1.00
2015-03-21T15:54:07.405Z,1.00,1.00
2015-03-21T15:53:53.401Z,1.00,1.00
2015-03-21T15:53:43.169Z,1.00,1.00
2015-03-21T15:53:34.412Z,1.00,1.00
2015-03-21T15:53:23.672Z,1.00,1.00
2015-03-21T15:53:16.026Z,1.00,1.00
2015-03-21T15:53:03.801Z,1.00,1.00
2015-03-21T15:52:52.159Z,1.00,1.00
2015-03-21T15:52:41.213Z,1.00,1.00
2015-03-21T15:52:28.689Z,1.00,1.00
2015-03-21T15:52:19.660Z,1.00,1.00
2015-03-21T15:52:10.012Z,1.00,1.00
2015-03-21T15:52:08.222Z,1.00,1.00
2015-03-21T15:51:54.929Z,1.00,1.00
2015-03-21T15:51:53.512Z,1.00,1.00
2015-03-21T15:51:40.105Z,1.00,1.00
2015-03-21T15:51:33.703Z,1.00,1.00
2015-03-21T15:51:17.826Z,1.00,1.00
2015-03-21T15:51:08.393Z,1.00,1.00
2015-03-21T15:50:55.501Z,1.00,1.00
2015-03-21T15:50:38.567Z,1.00,1.00
2015-03-21T15:50:19.057Z,1.00,1.00
2015-03-21T15:50:05.617Z,1.00,1.00
2015-03-21T15:49:45.604Z,1.00,1.00
2015-03-21T15:49:16.410Z,1.00,1.00
2015-03-21T15:48:55.799Z,1.00,1.00
2015-03-21T15:48:35.373Z,1.00,1.00
2015-03-21T15:48:15.903Z,1.00,1.00
2015-03-21T15:48:05.108Z,1.00,1.00
2015-03-21T15:47:52.434Z,1.00,1.00
2015-03-21T15:47:47.083Z,1.00,1.00
2015-03-21T15:47:37.052Z,1.00,1.00
2015-03-21T15:47:26.087Z,1.00,1.00
2015-03-21T15:47:19.727Z,1.00,1.00
2015-03-21T15:47:08.145Z,1.00,1.00
2015-03-21T15:46:59.779Z,1.00,1.00
2015-03-21T15:46:45.380Z,1.00,1.00
2015-03-21T15:46:38.152Z,1.00,1.00
2015-03-21T15:46:32.237Z,1.00,1.00
2015-03-21T15:46:25.073Z,0.05766514,17.34150
2015-03-21T15:46:13.879Z,1.00,1.00
2015-03-21T15:46:05.762Z,1.00,1.00
2015-03-21T15:45:56.357Z,1.00,1.00
2015-03-21T15:45:44.644Z,1.00,1.00
2015-03-21T15:45:34.230Z,1.00,1.00
2015-03-21T15:45:20.929Z,1.00,1.00
2015-03-21T15:45:08.432Z,1.00,1.00
2015-03-21T15:44:52.677Z,1.00,1.00
2015-03-21T15:44:44.052Z,1.00,1.00
2015-03-21T15:44:35.575Z,1.00,1.00
2015-03-21T15:44:28.126Z,1.00,1.00
2015-03-21T15:44:21.247Z,1.00,1.00
2015-03-21T15:44:11.641Z,1.00,1.00
2015-03-21T15:44:01.887Z,1.00,1.00
2015-03-21T15:43:51.577Z,0.92,1.08205
2015-03-21T15:43:41.058Z,1.00,1.00
2015-03-21T15:43:35.542Z,1.00,1.00
2015-03-21T15:43:15.302Z,1.00,1.00
2015-03-21T15:43:01.523Z,1.00,1.00
2015-03-21T15:42:54.766Z,1.00,1.00
2015-03-21T15:42:47.521Z,1.00,1.00
2015-03-21T15:42:39.975Z,1.00,1.00
2015-03-21T15:42:34.919Z,1.00,1.00
2015-03-21T15:42:22.239Z,1.00,1.00
2015-03-21T15:42:14.937Z,1.00,1.00
2015-03-21T15:42:08.857Z,1.00,1.00
2015-03-21T15:42:04.280Z,1.00,1.00
2015-03-21T15:41:53.459Z,1.00,1.00
2015-03-21T15:41:46.727Z,1.00,1.00
2015-03-21T15:41:40.764Z,1.00,1.00
2015-03-21T15:41:33.995Z,1.00,1.00
2015-03-21T15:41:28.784Z,1.00,1.00
2015-03-21T15:41:20.471Z,1.00,1.00
2015-03-21T15:41:10.953Z,1.00,1.00
2015-03-21T15:41:05.091Z,1.00,1.00
2015-03-21T15:40:58.227Z,1.00,1.00
2015-03-21T15:40:44.993Z,1.00,1.00
2015-03-21T15:40:35.550Z,1.00,1.00
2015-03-21T15:40:28.463Z,1.00,1.00
2015-03-21T15:40:22.595Z,1.00,1.00
2015-03-21T15:40:16.275Z,1.00,1.00
2015-03-21T15:40:10.642Z,1.00,1.00
2015-03-21T15:40:00.070Z,1.00,1.00
2015-03-21T15:39:50.776Z,1.00,1.00
2015-03-21T15:39:38.455Z,1.00,1.00
2015-03-21T15:39:26.347Z,1.00,1.00
2015-03-21T15:39:19.257Z,1.00,1.00
2015-03-21T15:39:11.569Z,1.00,1.00
2015-03-21T15:39:03.549Z,1.00,1.00
2015-03-21T15:38:58.067Z,1.00,1.00
2015-03-21T15:38:50.550Z,1.00,1.00
2015-03-21T15:38:44.930Z,1.00,1.00
2015-03-21T15:38:35.649Z,1.00,1.00
2015-03-21T15:38:25.671Z,1.00,1.00
2015-03-21T15:38:15.466Z,1.00,1.00
2015-03-21T15:38:03.199Z,1.00,1.00
2015-03-21T15:37:50.446Z,1.00,1.00
2015-03-21T15:37:44.621Z,1.00,1.00
2015-03-21T15:37:39.228Z,1.00,1.00
2015-03-21T15:37:28.008Z,1.00,1.00
2015-03-21T15:37:14.322Z,1.00,1.00
2015-03-21T15:37:05.629Z,1.00,1.00
2015-03-21T15:37:00.600Z,1.00,1.00
2015-03-21T15:36:53.235Z,1.00,1.00
2015-03-21T15:36:45.089Z,1.00,1.00
2015-03-21T15:36:32.968Z,1.00,1.00
2015-03-21T15:36:23.149Z,0.92,1.08205
2015-03-21T15:36:10.721Z,1.00,1.00
2015-03-21T15:35:58.314Z,1.00,1.00
2015-03-21T15:35:46.557Z,1.00,1.00
2015-03-21T15:35:41.058Z,1.00,1.00
2015-03-21T15:35:26.209Z,1.00,1.00
2015-03-21T15:35:17.042Z,1.00,1.00
2015-03-21T15:35:10.931Z,1.00,1.00
2015-03-21T15:35:01.733Z,1.00,1.00
2015-03-21T15:34:25.057Z,1.00,1.00
2015-03-21T15:34:14.557Z,1.00,1.00
2015-03-21T15:34:08.166Z,1.00,1.00
2015-03-21T15:34:01.628Z,0.67,1.49530
2015-03-21T15:33:56.837Z,1.00,1.00
2015-03-21T15:33:47.170Z,1.00,1.00
2015-03-21T15:33:42.747Z,1.00,1.00
2015-03-21T15:33:32.954Z,1.00,1.00
2015-03-21T15:33:21.666Z,1.00,1.00
2015-03-21T15:33:17.436Z,1.00,1.00
2015-03-21T15:33:12.874Z,1.00,1.00
2015-03-21T15:32:55.580Z,0.05766514,17.34150
2015-03-21T15:32:50.468Z,1.00,1.00
2015-03-21T15:32:45.439Z,1.00,1.00
2015-03-21T15:32:40.962Z,1.00,1.00
2015-03-21T15:32:30.840Z,1.00,1.00
2015-03-21T15:32:24.552Z,1.00,1.00
2015-03-21T15:32:14.441Z,1.00,1.00
2015-03-21T15:32:09.621Z,1.00,1.00
2015-03-21T15:32:00.692Z,1.00,1.00
2015-03-21T15:31:54.364Z,1.00,1.00
2015-03-21T15:31:49.444Z,1.00,1.00
2015-03-21T15:31:44.861Z,1.00,1.00
2015-03-21T15:31:40.028Z,1.00,1.00
2015-03-21T15:31:34.656Z,1.00,1.00
2015-03-21T15:31:29.292Z,1.00,1.00
2015-03-21T15:31:22.867Z,1.00,1.00
2015-03-21T15:31:15.141Z,1.00,1.00
2015-03-21T15:31:08.693Z,1.00,1.00
2015-03-21T15:31:00.186Z,1.00,1.00
2015-03-21T15:30:49.429Z,1.00,1.00
2015-03-21T15:30:44.607Z,1.00,1.00
2015-03-21T15:30:34.602Z,1.00,1.00
2015-03-21T15:30:24.094Z,1.00,1.00
2015-03-21T15:30:14.738Z,1.00,1.00
2015-03-21T15:30:09.437Z,1.00,1.00
2015-03-21T15:30:04.164Z,1.00,1.00
2015-03-21T15:29:55.014Z,1.00,1.00
2015-03-21T15:29:49.302Z,1.00,1.00
2015-03-21T15:29:32.212Z,1.00,1.00
2015-03-21T15:29:25.585Z,1.00,1.00
2015-03-21T15:29:14.348Z,1.00,1.00
2015-03-21T15:29:04.017Z,1.00,1.00
2015-03-21T15:28:53.392Z,1.00,1.00
2015-03-21T15:28:43.425Z,1.00,1.00
2015-03-21T15:28:31.076Z,1.00,1.00
2015-03-21T15:28:20.824Z,1.00,1.00
2015-03-21T15:28:07.451Z,1.00,1.00
2015-03-21T15:28:00.660Z,1.00,1.00
2015-03-21T15:27:41.959Z,1.00,1.00
2015-03-21T15:27:30.478Z,1.00,1.00
2015-03-21T15:27:29.617Z,1.00,1.00
2015-03-21T15:27:22.772Z,1.00,1.00
2015-03-21T15:27:08.618Z,1.00,1.00
2015-03-21T15:26:59.250Z,1.00,1.00
2015-03-21T15:26:46.868Z,1.00,1.00
2015-03-21T15:26:25.404Z,1.00,1.00
2015-03-21T15:26:13.402Z,1.00,1.00
2015-03-21T15:26:02.565Z,1.00,1.00
2015-03-21T15:25:48.997Z,1.00,1.00
2015-03-21T15:25:36.070Z,1.00,1.00
2015-03-21T15:25:04.555Z,1.00,1.00
2015-03-21T15:24:56.579Z,1.00,1.00
2015-03-21T15:24:45.827Z,1.00,1.00
2015-03-21T15:24:35.921Z,1.00,1.00
2015-03-21T15:24:24.158Z,1.00,1.00
2015-03-21T15:24:15.006Z,1.00,1.00
2015-03-21T15:24:02.746Z,1.00,1.00
2015-03-21T15:23:54.030Z,0.05766514,17.34150
2015-03-21T15:23:45.143Z,1.00,1.00
2015-03-21T15:23:44.225Z,1.00,1.00
2015-03-21T15:23:32.813Z,1.00,1.00
2015-03-21T15:23:21.294Z,1.00,1.00
2015-03-21T15:23:13.469Z,1.00,1.00
2015-03-21T15:22:50.920Z,1.00,1.00
2015-03-21T15:22:30.337Z,0.92,1.08205
2015-03-21T15:22:21.758Z,1.00,1.00
2015-03-21T15:22:05.340Z,1.00,1.00
2015-03-21T15:21:56.317Z,1.00,1.00
2015-03-21T15:21:49.755Z,1.00,1.00
2015-03-21T15:21:38.008Z,1.00,1.00
2015-03-21T15:21:25.141Z,1.00,1.00
2015-03-21T15:21:17.486Z,1.00,1.00
2015-03-21T15:21:07.696Z,1.00,1.00
2015-03-21T15:20:54.864Z,1.00,1.00
2015-03-21T15:20:42.349Z,1.00,1.00
2015-03-21T15:20:31.450Z,1.00,1.00
2015-03-21T15:20:21.352Z,1.00,1.00
2015-03-21T15:20:09.461Z,1.00,1.00
2015-03-21T15:20:00.019Z,1.00,1.00
2015-03-21T15:19:45.233Z,1.00,1.00
2015-03-21T15:19:36.109Z,1.00,1.00
2015-03-21T15:19:27.847Z,1.00,1.00
2015-03-21T15:19:17.874Z,1.00,1.00
2015-03-21T15:19:06.033Z,1.00,1.00
2015-03-21T15:18:54.647Z,1.00,1.00
2015-03-21T15:18:47.557Z,1.00,1.00
2015-03-21T15:18:34.185Z,1.00,1.00
2015-03-21T15:18:24.308Z,1.00,1.00
2015-03-21T15:18:12.490Z,1.00,1.00
2015-03-21T15:17:59.019Z,1.00,1.00
2015-03-21T15:17:49.452Z,1.00,1.00
2015-03-21T15:17:40.660Z,1.00,1.00
2015-03-21T15:17:23.252Z,0.92,1.08205
2015-03-21T15:17:15.851Z,1.00,1.00
2015-03-21T15:17:08.430Z,1.00,1.00
2015-03-21T15:16:59.009Z,1.00,1.00
2015-03-21T15:16:49.429Z,1.00,1.00
2015-03-21T15:16:37.800Z,1.00,1.00
2015-03-21T15:16:24.716Z,1.00,1.00
2015-03-21T15:16:15.270Z,1.00,1.00
2015-03-21T15:16:02.178Z,1.00,1.00
2015-03-21T15:15:54.685Z,1.00,1.00
2015-03-21T15:15:47.844Z,1.00,1.00
2015-03-21T15:15:40.455Z,1.00,1.00
2015-03-21T15:15:34.764Z,1.00,1.00
2015-03-21T15:15:25.807Z,1.00,1.00
2015-03-21T15:15:18.899Z,1.00,1.00
2015-03-21T15:15:08.105Z,1.00,1.00
2015-03-21T15:15:00.990Z,1.00,1.00
2015-03-21T15:14:54.959Z,1.00,1.00
2015-03-21T15:14:47.740Z,1.00,1.00
2015-03-21T15:14:41.150Z,1.00,1.00
2015-03-21T15:14:28.856Z,1.00,1.00
2015-03-21T15:14:21.591Z,1.00,1.00
2015-03-21T15:14:11.067Z,1.00,1.00
2015-03-21T15:14:03.192Z,1.00,1.00
2015-03-21T15:13:56.294Z,1.00,1.00
2015-03-21T15:13:49.430Z,1.00,1.00
2015-03-21T15:13:36.721Z,1.00,1.00
2015-03-21T15:13:23.265Z,1.00,1.00
2015-03-21T15:13:13.684Z,1.00,1.00
2015-03-21T15:13:02.026Z,1.00,1.00
2015-03-21T15:12:55.138Z,1.00,1.00
2015-03-21T15:12:43.284Z,1.00,1.00
2015-03-21T15:12:38.197Z,1.00,1.00
2015-03-21T15:12:33.428Z,1.00,1.00
2015-03-21T15:12:24.902Z,1.00,1.00
2015-03-21T15:12:13.174Z,1.00,1.00
2015-03-21T15:12:08.432Z,1.00,1.00
2015-03-21T15:11:59.571Z,1.00,1.00
2015-03-21T15:11:52.009Z,1.00,1.00
2015-03-21T15:11:41.132Z,1.00,1.00
2015-03-21T15:11:35.108Z,1.00,1.00
2015-03-21T15:11:29.780Z,1.00,1.00
2015-03-21T15:11:24.789Z,1.00,1.00
2015-03-21T15:10:55.687Z,1.00,1.00
2015-03-21T15:10:50.735Z,1.00,1.00
2015-03-21T15:10:41.346Z,1.00,1.00
2015-03-21T15:10:33.602Z,1.00,1.00
2015-03-21T15:10:28.163Z,1.00,1.00
2015-03-21T15:10:06.540Z,1.00,1.00
2015-03-21T15:10:01.243Z,1.00,1.00
2015-03-21T15:09:56.067Z,1.00,1.00
2015-03-21T15:09:10.444Z,1.00,1.00
2015-03-21T15:09:00.028Z,1.00,1.00
2015-03-21T15:08:48.725Z,1.00,1.00
2015-03-21T15:08:42.479Z,1.00,1.00
2015-03-21T15:08:32.404Z,1.00,1.00
2015-03-21T15:08:25.600Z,1.00,1.00
2015-03-21T15:08:21.829Z,1.00,1.00
2015-03-21T15:08:16.739Z,1.00,1.00
2015-03-21T15:07:48.489Z,1.00,1.00
2015-03-21T15:07:43.762Z,1.00,1.00
2015-03-21T15:07:39.495Z,1.00,1.00
2015-03-21T15:07:34.828Z,1.00,1.00
2015-03-21T15:07:24.247Z,1.00,1.00
2015-03-21T15:07:20.153Z,1.00,1.00
2015-03-21T15:07:11.380Z,1.00,1.00
2015-03-21T15:06:38.920Z,1.00,1.00
2015-03-21T15:06:34.278Z,1.00,1.00
2015-03-21T15:06:22.875Z,1.00,1.00
2015-03-21T15:06:11.180Z,1.00,1.00
2015-03-21T15:06:02.033Z,1.00,1.00
2015-03-21T15:05:45.467Z,1.00,1.00
2015-03-21T15:05:41.635Z,1.00,1.00
2015-03-21T15:05:37.634Z,1.00,1.00
2015-03-21T15:05:32.483Z,1.00,1.00
2015-03-21T15:05:26.891Z,1.00,1.00
2015-03-21T15:05:22.608Z,1.00,1.00
2015-03-21T15:05:18.236Z,1.00,1.00
2015-03-21T15:05:12.817Z,1.00,1.00
2015-03-21T15:04:54.437Z,1.00,1.00
2015-03-21T15:04:00.214Z,1.00,1.00
2015-03-21T15:03:51.598Z,1.00,1.00
2015-03-21T15:03:45.863Z,1.00,1.00
2015-03-21T15:03:20.630Z,1.00,1.00
2015-03-21T15:03:03.570Z,1.00,1.00
2015-03-21T15:02:50.261Z,1.00,1.00
2015-03-21T15:01:56.268Z,1.00,1.00
2015-03-21T15:01:47.992Z,1.00,1.00
2015-03-21T15:01:33.089Z,1.00,1.00
2015-03-21T15:01:19.842Z,1.00,1.00
2015-03-21T15:00:37.905Z,1.00,1.00
2015-03-21T15:00:22.695Z,1.00,1.00
2015-03-21T15:00:09.021Z,1.00,1.00
2015-03-21T14:59:47.773Z,1.00,1.00
2015-03-21T14:59:43.160Z,1.00,1.00
2015-03-21T14:59:34.339Z,1.00,1.00
2015-03-21T14:59:00.628Z,1.00,1.00
2015-03-21T14:58:56.435Z,1.00,1.00
2015-03-21T14:58:52.769Z,1.00,1.00
2015-03-21T14:58:15.645Z,1.00,1.00
2015-03-21T14:58:11.565Z,0.05766514,17.34150
2015-03-21T14:57:55.030Z,1.00,1.00
2015-03-21T14:57:42.343Z,1.00,1.00
2015-03-21T14:57:25.814Z,1.00,1.00
2015-03-21T14:57:21.815Z,1.00,1.00
2015-03-21T14:57:08.966Z,1.00,1.00
2015-03-21T14:56:37.929Z,1.00,1.00
2015-03-21T14:56:33.598Z,1.00,1.00
2015-03-21T14:56:29.027Z,1.00,1.00
2015-03-21T14:56:23.546Z,1.00,1.00
2015-03-21T14:56:18.933Z,1.00,1.00
2015-03-21T14:56:04.436Z,1.00,1.00
2015-03-21T14:54:39.617Z,1.00,1.00
2015-03-21T14:54:35.659Z,1.00,1.00
2015-03-21T14:54:31.627Z,1.00,1.00
2015-03-21T14:54:26.219Z,1.00,1.00
2015-03-21T14:54:21.968Z,1.00,1.00
2015-03-21T14:54:17.243Z,1.00,1.00
2015-03-21T14:54:11.725Z,1.00,1.00
2015-03-21T14:53:54.714Z,1.00,1.00
2015-03-21T14:53:45.320Z,1.00,1.00
2015-03-21T14:53:05.959Z,1.00,1.00
2015-03-21T14:52:49.868Z,1.00,1.00
2015-03-21T14:52:40.179Z,1.00,1.00
2015-03-21T14:52:29.516Z,1.00,1.00
2015-03-21T14:52:19.933Z,1.00,1.00
2015-03-21T14:52:04.665Z,1.00,1.00
2015-03-21T14:51:48.097Z,1.00,1.00
2015-03-21T14:51:43.558Z,1.00,1.00
2015-03-21T14:51:38.743Z,1.00,1.00
2015-03-21T14:51:33.197Z,1.00,1.00
2015-03-21T14:51:14.644Z,1.00,1.00
2015-03-21T14:50:57.489Z,1.00,1.00
2015-03-21T14:50:46.013Z,1.00,1.00
2015-03-21T14:50:29.927Z,1.00,1.00
2015-03-21T14:49:09.431Z,1.00,1.00
2015-03-21T14:48:58.828Z,1.00,1.00
2015-03-21T14:48:54.550Z,1.00,1.00
2015-03-21T14:48:45.323Z,1.00,1.00
2015-03-21T14:48:24.916Z,1.00,1.00
2015-03-21T14:48:20.563Z,1.00,1.00
2015-03-21T14:48:16.385Z,0.05766514,17.34150
2015-03-21T14:48:11.079Z,1.00,1.00
2015-03-21T14:47:35.836Z,1.00,1.00
2015-03-21T14:47:31.626Z,1.00,1.00
2015-03-21T14:47:03.997Z,1.00,1.00
2015-03-21T14:46:54.344Z,1.00,1.00
2015-03-21T14:46:45.453Z,1.00,1.00
2015-03-21T14:46:32.690Z,1.00,1.00
2015-03-21T14:46:28.362Z,1.00,1.00
2015-03-21T14:46:17.209Z,1.00,1.00
2015-03-21T14:46:05.863Z,1.00,1.00
2015-03-21T14:45:57.109Z,1.00,1.00
2015-03-21T14:45:35.998Z,1.00,1.00
2015-03-21T14:45:11.944Z,1.00,1.00
2015-03-21T14:44:55.773Z,1.00,1.00
2015-03-21T14:44:42.456Z,1.00,1.00
2015-03-21T14:44:13.512Z,1.00,1.00
2015-03-21T14:43:56.612Z,1.00,1.00
2015-03-21T14:43:45.025Z,1.00,1.00
2015-03-21T14:42:43.961Z,1.00,1.00
2015-03-21T14:42:33.141Z,1.00,1.00
2015-03-21T14:42:28.846Z,1.00,1.00
2015-03-21T14:42:08.710Z,1.00,1.00
2015-03-21T14:41:16.193Z,1.00,1.00
2015-03-21T14:41:08.898Z,1.00,1.00
2015-03-21T14:40:56.255Z,1.00,1.00
2015-03-21T14:40:16.337Z,1.00,1.00
2015-03-21T14:39:40.579Z,1.00,1.00
2015-03-21T14:39:12.526Z,1.00,1.00
2015-03-21T14:39:08.032Z,1.00,1.00
2015-03-21T14:38:54.837Z,1.00,1.00
2015-03-21T14:38:14.385Z,1.00,1.00
2015-03-21T14:37:49.848Z,1.00,1.00
2015-03-21T14:37:30.356Z,1.00,1.00
2015-03-21T14:37:14.143Z,1.00,1.00
2015-03-21T14:37:08.501Z,1.00,1.00
2015-03-21T14:36:58.613Z,1.00,1.00
2015-03-21T14:36:25.412Z,1.00,1.00
2015-03-21T14:36:07.254Z,1.00,1.00
2015-03-21T14:36:02.831Z,1.00,1.00
2015-03-21T14:35:35.201Z,1.00,1.00
2015-03-21T14:34:56.189Z,1.00,1.00
2015-03-21T14:34:28.365Z,1.00,1.00
2015-03-21T14:33:32.742Z,1.00,1.00
2015-03-21T14:33:20.024Z,1.00,1.00
2015-03-21T14:32:59.568Z,1.00,1.00
2015-03-21T14:32:24.030Z,1.00,1.00
2015-03-21T14:32:12.872Z,1.00,1.00
2015-03-21T14:31:43.828Z,1.00,1.00
2015-03-21T14:31:31.836Z,0.00128314,779.33790
2015-03-21T14:31:22.523Z,1.00,1.00
2015-03-21T14:31:05.224Z,1.00,1.00
2015-03-21T14:31:01.274Z,1.00,1.00
2015-03-21T14:30:56.783Z,1.00,1.00
2015-03-21T14:30:52.793Z,1.00,1.00
2015-03-21T14:30:47.855Z,1.00,1.00
2015-03-21T14:30:31.946Z,0.05766514,17.34150
2015-03-21T14:29:32.881Z,1.00,1.00
2015-03-21T14:29:05.141Z,1.00,1.00
2015-03-21T14:28:30.569Z,1.00,1.00
2015-03-21T14:27:06.934Z,1.00,1.00
2015-03-21T14:27:01.060Z,1.00,1.00
2015-03-21T14:26:42.635Z,0.67,1.49530
2015-03-21T14:26:37.814Z,1.00,1.00
2015-03-21T14:26:33.620Z,1.00,1.00
2015-03-21T14:26:24.240Z,1.00,1.00
2015-03-21T14:25:58.013Z,1.00,1.00
2015-03-21T14:25:32.636Z,1.00,1.00
2015-03-21T14:24:47.119Z,1.00,1.00
2015-03-21T14:24:39.033Z,1.00,1.00
2015-03-21T14:24:29.421Z,1.00,1.00
2015-03-21T14:23:53.881Z,1.00,1.00
2015-03-21T14:23:44.450Z,1.00,1.00
2015-03-21T14:23:36.153Z,1.00,1.00
2015-03-21T14:23:20.160Z,1.00,1.00
2015-03-21T14:22:43.964Z,1.00,1.00
2015-03-21T14:22:21.217Z,1.00,1.00
2015-03-21T14:22:17.425Z,1.00,1.00
2015-03-21T14:22:07.712Z,1.00,1.00
2015-03-21T14:21:58.451Z,1.00,1.00
2015-03-21T14:21:42.398Z,1.00,1.00
2015-03-21T14:21:20.585Z,1.00,1.00
2015-03-21T14:20:51.073Z,1.00,1.00
2015-03-21T14:19:49.693Z,1.00,1.00
2015-03-21T14:19:44.768Z,1.00,1.00
2015-03-21T14:19:34.933Z,1.00,1.00
2015-03-21T14:18:40.567Z,1.00,1.00
2015-03-21T14:18:23.817Z,1.00,1.00
2015-03-21T14:18:14.924Z,1.00,1.00
2015-03-21T14:18:01.131Z,0.05766514,17.34150
2015-03-21T14:17:38.968Z,1.00,1.00
2015-03-21T14:17:15.123Z,1.00,1.00
2015-03-21T14:16:36.505Z,1.00,1.00
2015-03-21T14:16:32.886Z,1.00,1.00
2015-03-21T14:16:28.970Z,1.00,1.00
2015-03-21T14:15:44.663Z,1.00,1.00
2015-03-21T14:15:06.667Z,1.00,1.00
2015-03-21T14:15:02.035Z,1.00,1.00
2015-03-21T14:14:41.647Z,1.00,1.00
2015-03-21T14:13:25.571Z,1.00,1.00
2015-03-21T14:13:12.761Z,1.00,1.00
2015-03-21T14:13:02.773Z,1.00,1.00
2015-03-21T14:12:40.433Z,1.00,1.00
2015-03-21T14:12:27.768Z,1.00,1.00
2015-03-21T14:12:22.128Z,1.00,1.00
2015-03-21T14:12:10.112Z,1.00,1.00
2015-03-21T14:12:01.012Z,1.00,1.00
2015-03-21T14:11:51.275Z,1.00,1.00
2015-03-21T14:10:27.205Z,1.00,1.00
2015-03-21T14:10:12.768Z,1.00,1.00
2015-03-21T14:10:01.013Z,1.00,1.00
2015-03-21T14:09:56.466Z,1.00,1.00
2015-03-21T14:09:26.924Z,1.00,1.00
2015-03-21T14:09:03.591Z,1.00,1.00
2015-03-21T14:08:18.646Z,1.00,1.00
2015-03-21T14:07:56.193Z,1.00,1.00
2015-03-21T14:07:41.388Z,1.00,1.00
2015-03-21T14:07:30.707Z,1.00,1.00
2015-03-21T14:07:04.449Z,1.00,1.00
2015-03-21T14:06:37.165Z,1.00,1.00
2015-03-21T14:05:29.041Z,1.00,1.00
2015-03-21T14:04:28.047Z,0.67,1.49530
2015-03-21T14:03:49.286Z,1.00,1.00
2015-03-21T14:03:09.076Z,1.00,1.00
2015-03-21T14:02:56.713Z,1.00,1.00
2015-03-21T14:02:23.663Z,1.00,1.00
2015-03-21T14:01:10.961Z,1.00,1.00
2015-03-21T14:00:41.899Z,0.67,1.49530
2015-03-21T14:00:15.112Z,1.00,1.00
2015-03-21T14:00:11.010Z,1.00,1.00
2015-03-21T14:00:00.580Z,1.00,1.00
2015-03-21T13:59:56.480Z,0.05766514,17.34150
2015-03-21T13:59:29.779Z,1.00,1.00
2015-03-21T13:59:06.086Z,1.00,1.00
2015-03-21T13:58:56.717Z,1.00,1.00
2015-03-21T13:58:46.333Z,1.00,1.00
2015-03-21T13:58:35.251Z,1.00,1.00
2015-03-21T13:57:43.308Z,1.00,1.00
2015-03-21T13:55:09.213Z,1.00,1.00
2015-03-21T13:54:58.902Z,1.00,1.00
2015-03-21T13:54:54.626Z,1.00,1.00
2015-03-21T13:54:38.396Z,1.00,1.00
2015-03-21T13:54:20.662Z,1.00,1.00
2015-03-21T13:53:42.270Z,1.00,1.00
2015-03-21T13:51:44.397Z,1.00,1.00
2015-03-21T13:51:17.577Z,1.00,1.00
2015-03-21T13:51:08.580Z,1.00,1.00
2015-03-21T13:50:58.962Z,1.00,1.00
2015-03-21T13:50:14.029Z,1.00,1.00
2015-03-21T13:50:09.812Z,1.00,1.00
2015-03-21T13:48:33.241Z,1.00,1.00
2015-03-21T13:48:12.502Z,1.00,1.00
2015-03-21T13:48:08.051Z,1.00,1.00
2015-03-21T13:48:04.209Z,1.00,1.00
2015-03-21T13:47:01.681Z,0.05766514,17.34150
2015-03-21T13:46:52.641Z,1.00,1.00
2015-03-21T13:44:56.373Z,1.00,1.00
2015-03-21T13:43:57.778Z,1.00,1.00
2015-03-21T13:43:38.834Z,1.00,1.00
2015-03-21T13:43:02.638Z,1.00,1.00
2015-03-21T13:42:18.188Z,1.00,1.00
2015-03-21T13:41:59.529Z,1.00,1.00
2015-03-21T13:41:55.181Z,1.00,1.00
2015-03-21T13:40:45.562Z,1.00,1.00
2015-03-21T13:38:55.927Z,1.00,1.00
2015-03-21T13:38:36.441Z,1.00,1.00
2015-03-21T13:38:04.359Z,1.00,1.00
2015-03-21T13:37:47.078Z,1.00,1.00
2015-03-21T13:37:35.579Z,1.00,1.00
2015-03-21T13:37:14.717Z,1.00,1.00
2015-03-21T13:36:52.144Z,1.00,1.00
2015-03-21T13:36:42.803Z,1.00,1.00
2015-03-21T13:36:33.947Z,0.05766514,17.34150
2015-03-21T13:36:23.426Z,1.00,1.00
2015-03-21T13:35:35.586Z,1.00,1.00
2015-03-21T13:34:46.215Z,1.00,1.00
2015-03-21T13:34:35.576Z,1.00,1.00
2015-03-21T13:34:05.955Z,1.00,1.00
2015-03-21T13:33:23.969Z,1.00,1.00
2015-03-21T13:33:17.156Z,1.00,1.00
2015-03-21T13:33:04.245Z,1.00,1.00
2015-03-21T13:32:54.303Z,1.00,1.00
2015-03-21T13:32:35.523Z,1.00,1.00
2015-03-21T13:32:12.422Z,1.00,1.00
2015-03-21T13:32:02.903Z,1.00,1.00
2015-03-21T13:31:24.250Z,1.00,1.00
2015-03-21T13:31:00.222Z,1.00,1.00
2015-03-21T13:30:55.813Z,1.00,1.00
2015-03-21T13:30:51.446Z,1.00,1.00
2015-03-21T13:30:42.247Z,1.00,1.00
2015-03-21T13:30:29.241Z,1.00,1.00
2015-03-21T13:30:15.969Z,0.05766514,17.34150
2015-03-21T13:30:09.753Z,1.00,1.00
2015-03-21T13:29:33.300Z,1.00,1.00
2015-03-21T13:29:22.615Z,1.00,1.00
2015-03-21T13:29:08.537Z,1.00,1.00
2015-03-21T13:28:28.167Z,1.00,1.00
2015-03-21T13:28:22.768Z,1.00,1.00
2015-03-21T13:28:18.091Z,1.00,1.00
2015-03-21T13:28:13.966Z,1.00,1.00
2015-03-21T13:28:09.798Z,1.00,1.00
2015-03-21T13:28:04.983Z,1.00,1.00
2015-03-21T13:26:23.746Z,1.00,1.00
2015-03-21T13:26:19.567Z,1.00,1.00
2015-03-21T13:25:54.723Z,1.00,1.00
2015-03-21T13:23:36.156Z,1.00,1.00
2015-03-21T13:22:49.998Z,1.00,1.00
2015-03-21T13:22:45.892Z,1.00,1.00
2015-03-21T13:21:52.928Z,1.00,1.00
2015-03-21T13:21:24.695Z,1.00,1.00
2015-03-21T13:20:57.791Z,1.00,1.00
2015-03-21T13:20:45.199Z,1.00,1.00
2015-03-21T13:20:10.290Z,1.00,1.00
2015-03-21T13:19:29.108Z,1.00,1.00
2015-03-21T13:17:58.413Z,1.00,1.00
2015-03-21T13:17:21.523Z,1.00,1.00
2015-03-21T13:17:05.335Z,1.00,1.00
2015-03-21T13:16:45.747Z,1.00,1.00
2015-03-21T13:16:17.227Z,1.00,1.00
2015-03-21T13:15:37.488Z,0.00128314,779.33790
2015-03-21T13:15:29.210Z,1.00,1.00
2015-03-21T13:15:25.574Z,1.00,1.00
2015-03-21T13:15:21.996Z,1.00,1.00
2015-03-21T13:15:06.000Z,1.00,1.00
2015-03-21T13:14:57.571Z,1.00,1.00
2015-03-21T13:14:53.874Z,1.00,1.00
2015-03-21T13:14:45.220Z,1.00,1.00
2015-03-21T13:14:12.666Z,0.05766514,17.34150
2015-03-21T13:14:02.725Z,1.00,1.00
2015-03-21T13:13:25.487Z,1.00,1.00
2015-03-21T13:13:08.396Z,1.00,1.00
2015-03-21T13:13:04.036Z,1.00,1.00
2015-03-21T13:12:32.329Z,1.00,1.00
2015-03-21T13:11:53.916Z,1.00,1.00
2015-03-21T13:11:07.749Z,1.00,1.00
2015-03-21T13:10:58.725Z,1.00,1.00
2015-03-21T13:10:23.977Z,1.00,1.00
2015-03-21T13:10:11.521Z,1.00,1.00
2015-03-21T13:09:39.912Z,1.00,1.00
2015-03-21T13:09:30.465Z,1.00,1.00
2015-03-21T13:09:26.024Z,1.00,1.00
2015-03-21T13:09:16.254Z,1.00,1.00
2015-03-21T13:09:05.367Z,1.00,1.00
2015-03-21T13:08:35.256Z,1.00,1.00
2015-03-21T13:08:22.905Z,1.00,1.00
2015-03-21T13:07:43.847Z,1.00,1.00
2015-03-21T13:07:31.886Z,1.00,1.00
2015-03-21T13:07:18.005Z,1.00,1.00
2015-03-21T13:07:02.712Z,1.00,1.00
2015-03-21T13:06:46.382Z,1.00,1.00
2015-03-21T13:06:25.495Z,1.00,1.00
2015-03-21T13:06:04.489Z,1.00,1.00
2015-03-21T13:05:35.564Z,1.00,1.00
2015-03-21T13:05:20.184Z,1.00,1.00
2015-03-21T13:05:15.735Z,1.00,1.00
2015-03-21T13:05:06.064Z,1.00,1.00
2015-03-21T13:05:01.344Z,1.00,1.00
2015-03-21T13:03:42.587Z,1.00,1.00
2015-03-21T13:03:26.373Z,1.00,1.00
2015-03-21T13:03:22.862Z,1.00,1.00
2015-03-21T13:03:18.900Z,1.00,1.00
2015-03-21T13:02:03.189Z,1.00,1.00
2015-03-21T13:00:27.785Z,1.00,1.00
2015-03-21T12:59:51.897Z,1.00,1.00
2015-03-21T12:59:46.404Z,1.00,1.00
2015-03-21T12:59:22.748Z,1.00,1.00
2015-03-21T12:59:17.946Z,1.00,1.00
2015-03-21T12:58:57.394Z,1.00,1.00
2015-03-21T12:56:27.697Z,1.00,1.00
2015-03-21T12:55:20.399Z,1.00,1.00
2015-03-21T12:55:11.102Z,1.00,1.00
2015-03-21T12:54:35.580Z,1.00,1.00
2015-03-21T12:53:45.832Z,1.00,1.00
2015-03-21T12:53:36.781Z,1.00,1.00
2015-03-21T12:53:32.009Z,1.00,1.00
2015-03-21T12:52:51.540Z,1.00,1.00
2015-03-21T12:52:25.732Z,1.00,1.00
2015-03-21T12:52:17.088Z,1.00,1.00
2015-03-21T12:52:13.165Z,1.00,1.00
2015-03-21T12:51:47.906Z,1.00,1.00
2015-03-21T12:50:42.117Z,1.00,1.00
2015-03-21T12:50:37.557Z,1.00,1.00
2015-03-21T12:49:44.096Z,1.00,1.00
2015-03-21T12:49:09.171Z,1.00,1.00
2015-03-21T12:48:14.757Z,1.00,1.00
2015-03-21T12:48:04.651Z,1.00,1.00
2015-03-21T12:47:53.462Z,1.00,1.00
2015-03-21T12:47:49.051Z,0.00384527,260.06000
2015-03-21T12:47:44.891Z,1.00,1.00
2015-03-21T12:45:50.792Z,1.00,1.00
2015-03-21T12:45:25.914Z,1.00,1.00
2015-03-21T12:45:20.436Z,0.00384475,260.09500
2015-03-21T12:45:11.437Z,0.00384482,260.09000
2015-03-21T12:44:56.767Z,1.00,1.00
2015-03-21T12:44:19.008Z,1.00,1.00
2015-03-21T12:43:11.960Z,0.00384519,260.06500
2015-03-21T12:42:58.120Z,1.00,1.00
2015-03-21T12:42:48.858Z,0.00384423,260.13000
2015-03-21T12:42:25.961Z,1.00,1.00
2015-03-21T12:41:27.672Z,0.00384408,260.14000
2015-03-21T12:41:12.286Z,1.00,1.00
2015-03-21T12:40:24.465Z,1.00,1.00
2015-03-21T12:39:58.275Z,0.00384438,260.12000
2015-03-21T12:39:54.352Z,0.00384445,260.12000
2015-03-21T12:39:50.244Z,0.00384445,260.11500
2015-03-21T12:39:32.852Z,1.00,1.00
2015-03-21T12:38:57.273Z,0.00384482,260.09000
2015-03-21T12:38:42.146Z,1.00,1.00
2015-03-21T12:38:14.447Z,1.00,1.00
2015-03-21T12:38:03.654Z,0.00384497,260.08000
2015-03-21T12:37:55.089Z,1.00,1.00
2015-03-21T12:37:51.133Z,0.00384497,260.08000
2015-03-21T12:37:22.130Z,1.00,1.00
2015-03-21T12:37:12.498Z,1.00,1.00
2015-03-21T12:37:02.291Z,1.00,1.00
2015-03-21T12:36:29.149Z,1.00,1.00
2015-03-21T12:36:23.302Z,1.00,1.00
2015-03-21T12:36:19.302Z,1.00,1.00
2015-03-21T12:35:57.013Z,0.00384578,260.02500
2015-03-21T12:35:46.031Z,0.00384578,260.02500
2015-03-21T12:35:33.874Z,1.00,1.00
2015-03-21T12:35:13.568Z,1.00,1.00
2015-03-21T12:34:51.477Z,1.00,1.00
2015-03-21T12:34:41.966Z,0.00384335,260.19000
2015-03-21T12:34:06.395Z,1.00,1.00
2015-03-21T12:33:48.006Z,1.00,1.00
2015-03-21T12:33:28.440Z,0.0038429,260.22000
2015-03-21T12:33:15.822Z,1.00,1.00
2015-03-21T12:33:11.556Z,0.0038429,260.22000
2015-03-21T12:33:06.128Z,1.00,1.00
2015-03-21T12:32:51.684Z,0.00384283,260.22500
2015-03-21T12:32:37.823Z,1.00,1.00
2015-03-21T12:32:33.566Z,0.0038429,260.22000
2015-03-21T12:32:21.520Z,1.00,1.00
2015-03-21T12:31:58.249Z,1.00,1.00
2015-03-21T12:31:41.435Z,1.00,1.00
2015-03-21T12:31:22.357Z,1.00,1.00
2015-03-21T12:30:19.882Z,0.0038429,260.22000
2015-03-21T12:30:08.943Z,1.00,1.00
2015-03-21T12:30:01.486Z,0.00384298,260.21500
2015-03-21T12:29:15.931Z,1.00,1.00
2015-03-21T12:29:06.089Z,1.00,1.00
2015-03-21T12:28:28.690Z,1.00,1.00
2015-03-21T12:28:19.561Z,1.00,1.00
2015-03-21T12:26:56.742Z,0.00384312,260.20500
2015-03-21T12:26:05.967Z,1.00,1.00
2015-03-21T12:26:00.047Z,1.00,1.00
2015-03-21T12:25:17.597Z,0.0038429,260.21500
2015-03-21T12:25:13.899Z,1.00,1.00
2015-03-21T12:24:57.171Z,0.00384298,260.21500
2015-03-21T12:24:34.315Z,0.00384298,260.21500
2015-03-21T12:24:29.967Z,1.00,1.00
2015-03-21T12:24:25.964Z,1.00,1.00
2015-03-21T12:24:18.084Z,1.00,1.00
2015-03-21T12:23:55.282Z,1.00,1.00
2015-03-21T12:23:25.449Z,1.00,1.00
2015-03-21T12:23:21.487Z,1.00,1.00
2015-03-21T12:21:23.123Z,1.00,1.00
2015-03-21T12:21:04.507Z,1.00,1.00
2015-03-21T12:20:41.631Z,0.00384091,260.35500
2015-03-21T12:20:30.795Z,0.00384113,260.34000
2015-03-21T12:19:46.401Z,1.00,1.00
2015-03-21T12:19:20.145Z,1.00,1.00
2015-03-21T12:19:16.165Z,1.00,1.00
2015-03-21T12:18:45.940Z,1.00,1.00
2015-03-21T12:18:14.693Z,1.00,1.00
2015-03-21T12:18:01.845Z,0.00384275,260.23000
2015-03-21T12:17:24.534Z,0.00384335,260.19000
2015-03-21T12:16:14.236Z,0.00384194,260.28500
2015-03-21T12:15:33.927Z,1.00,1.00
2015-03-21T12:15:11.255Z,0.00384268,260.23500
2015-03-21T12:14:52.500Z,1.00,1.00
2015-03-21T12:14:21.280Z,1.00,1.00
2015-03-21T12:14:12.125Z,0.0038432,260.20000
2015-03-21T12:14:07.937Z,1.00,1.00
2015-03-21T12:14:00.084Z,1.00,1.00
2015-03-21T12:13:55.290Z,1.00,1.00
2015-03-21T12:13:44.520Z,0.00384342,260.18500
2015-03-21T12:13:21.639Z,1.00,1.00
2015-03-21T12:13:10.550Z,1.00,1.00
2015-03-21T12:12:42.601Z,1.00,1.00
2015-03-21T12:12:37.888Z,1.00,1.00
2015-03-21T12:12:05.992Z,0.00384357,260.17500
2015-03-21T12:11:56.836Z,0.00384357,260.17500
2015-03-21T12:11:52.816Z,0.00384357,260.17500
2015-03-21T12:11:36.940Z,1.00,1.00
2015-03-21T12:11:32.709Z,1.00,1.00
2015-03-21T12:10:26.192Z,0.00384408,260.14000
2015-03-21T12:09:53.521Z,1.00,1.00
2015-03-21T12:09:17.631Z,0.00384143,260.32000
2015-03-21T12:09:06.662Z,1.00,1.00
2015-03-21T12:08:18.161Z,0.00384157,260.33500
2015-03-21T12:08:14.240Z,1.00,1.00
2015-03-21T12:07:57.988Z,1.00,1.00
2015-03-21T12:07:14.101Z,1.00,1.00
2015-03-21T12:07:09.451Z,1.00,1.00
2015-03-21T12:07:04.302Z,0.00384298,260.23500
2015-03-21T12:06:57.505Z,1.00,1.00
2015-03-21T12:06:53.694Z,1.00,1.00
2015-03-21T12:06:48.202Z,1.00,1.00
2015-03-21T12:06:43.628Z,1.00,1.00
2015-03-21T12:06:14.604Z,0.0038387,260.50500
2015-03-21T12:05:14.141Z,1.00,1.00
2015-03-21T12:04:55.250Z,1.00,1.00
2015-03-21T12:04:50.757Z,1.00,1.00
2015-03-21T12:04:29.749Z,1.00,1.00
2015-03-21T12:04:05.503Z,1.00,1.00
2015-03-21T12:04:01.311Z,1.00,1.00
2015-03-21T12:03:51.835Z,0.00384216,260.27000
2015-03-21T12:03:22.157Z,0.00384283,260.22500
2015-03-21T12:02:52.104Z,1.00,1.00
2015-03-21T12:02:04.146Z,1.00,1.00
2015-03-21T12:01:43.946Z,0.00384335,260.19000
2015-03-21T12:01:35.301Z,1.00,1.00
2015-03-21T12:01:31.376Z,1.00,1.00
2015-03-21T12:01:19.327Z,0.00384386,260.15500
2015-03-21T12:01:15.235Z,1.00,1.00
2015-03-21T12:01:05.663Z,0.00384364,260.17000
2015-03-21T12:00:10.332Z,0.00383951,260.45000
2015-03-21T12:00:00.277Z,1.00,1.00
2015-03-21T11:59:56.469Z,1.00,1.00
2015-03-21T11:57:53.080Z,1.00,1.00
2015-03-21T11:57:32.486Z,1.00,1.00
2015-03-21T11:57:27.986Z,1.00,1.00
2015-03-21T11:56:42.817Z,1.00,1.00
2015-03-21T11:56:24.866Z,1.00,1.00
2015-03-21T11:55:33.006Z,1.00,1.00
2015-03-21T11:55:28.235Z,1.00,1.00
2015-03-21T11:55:17.460Z,0.0038463,259.99000
2015-03-21T11:54:29.150Z,1.00,1.00
2015-03-21T11:53:24.175Z,1.00,1.00
2015-03-21T11:51:40.407Z,1.00,1.00
2015-03-21T11:51:29.151Z,1.00,1.00
2015-03-21T11:51:20.075Z,1.00,1.00
2015-03-21T11:50:34.586Z,1.00,1.00
2015-03-21T11:50:03.529Z,1.00,1.00
2015-03-21T11:49:52.444Z,1.00,1.00
2015-03-21T11:49:42.080Z,1.00,1.00
2015-03-21T11:49:15.481Z,1.00,1.00
2015-03-21T11:46:52.065Z,1.00,1.00
2015-03-21T11:46:05.200Z,1.00,1.00
2015-03-21T11:45:46.733Z,1.00,1.00
2015-03-21T11:44:59.318Z,1.00,1.00
2015-03-21T11:44:36.655Z,1.00,1.00
2015-03-21T11:44:31.257Z,1.00,1.00
2015-03-21T11:44:17.712Z,1.00,1.00
2015-03-21T11:43:29.411Z,1.00,1.00
2015-03-21T11:43:12.354Z,1.00,1.00
2015-03-21T11:42:19.981Z,1.00,1.00
2015-03-21T11:42:02.420Z,1.00,1.00
2015-03-21T11:41:47.379Z,0.0038486,259.83500
2015-03-21T11:41:28.513Z,1.00,1.00
2015-03-21T11:41:14.881Z,0.0038483,259.85500
2015-03-21T11:40:47.002Z,1.00,1.00
2015-03-21T11:40:31.604Z,0.00384749,259.91000
2015-03-21T11:40:00.720Z,0.00385037,259.71500
2015-03-21T11:39:44.769Z,0.00385097,259.67500
2015-03-21T11:39:22.688Z,1.00,1.00
2015-03-21T11:38:59.077Z,1.00,1.00
2015-03-21T11:38:28.542Z,0.00385438,259.44500
2015-03-21T11:37:56.281Z,0.00385446,259.44000
2015-03-21T11:37:51.937Z,1.00,1.00
2015-03-21T11:37:34.828Z,1.00,1.00
2015-03-21T11:36:40.647Z,0.00385453,259.43500
2015-03-21T11:36:17.714Z,0.00385453,259.43500
2015-03-21T11:35:44.540Z,1.00,1.00
2015-03-21T11:35:03.652Z,1.00,1.00
2015-03-21T11:34:44.581Z,0.0038546,259.43000
2015-03-21T11:34:40.442Z,1.00,1.00
2015-03-21T11:34:31.479Z,1.00,1.00
2015-03-21T11:34:13.866Z,1.00,1.00
2015-03-21T11:34:00.741Z,1.00,1.00
2015-03-21T11:33:42.454Z,0.00385453,259.43500
2015-03-21T11:33:34.005Z,1.00,1.00
2015-03-21T11:33:30.319Z,1.00,1.00
2015-03-21T11:32:46.823Z,0.00385453,259.43500
2015-03-21T11:32:36.155Z,1.00,1.00
2015-03-21T11:32:08.481Z,1.00,1.00
2015-03-21T11:31:45.124Z,0.00384867,259.83000
2015-03-21T11:31:32.813Z,1.00,1.00
2015-03-21T11:31:07.246Z,1.00,1.00
2015-03-21T11:30:59.207Z,0.00383988,260.16500
2015-03-21T11:30:54.475Z,1.00,1.00
2015-03-21T11:30:12.665Z,0.00383921,260.47000
2015-03-21T11:29:43.697Z,1.00,1.00
2015-03-21T11:29:05.876Z,1.00,1.00
2015-03-21T11:29:01.734Z,1.00,1.00
2015-03-21T11:28:34.650Z,1.00,1.00
2015-03-21T11:28:26.053Z,0.00383715,260.61000
2015-03-21T11:26:51.632Z,1.00,1.00
2015-03-21T11:26:46.511Z,0.00383722,260.60500
2015-03-21T11:26:42.721Z,1.00,1.00
2015-03-21T11:26:19.786Z,0.00383722,260.60500
2015-03-21T11:25:25.909Z,1.00,1.00
2015-03-21T11:25:17.549Z,1.00,1.00
2015-03-21T11:25:07.242Z,1.00,1.00
2015-03-21T11:24:35.244Z,1.00,1.00
2015-03-21T11:24:21.074Z,1.00,1.00
2015-03-21T11:24:05.395Z,1.00,1.00
2015-03-21T11:23:25.051Z,0.00383848,260.52000
2015-03-21T11:23:11.607Z,1.00,1.00
2015-03-21T11:22:40.083Z,1.00,1.00
2015-03-21T11:22:15.007Z,0.00383951,260.45000
2015-03-21T11:21:03.472Z,0.00383988,260.42500
2015-03-21T11:19:11.719Z,1.00,1.00
2015-03-21T11:18:47.155Z,1.00,1.00
2015-03-21T11:18:43.426Z,1.00,1.00
2015-03-21T11:18:33.116Z,1.00,1.00
2015-03-21T11:18:22.844Z,1.00,1.00
2015-03-21T11:17:34.437Z,1.00,1.00
2015-03-21T11:17:24.726Z,0.0038373,260.60000
2015-03-21T11:16:38.586Z,1.00,1.00
2015-03-21T11:16:34.710Z,1.00,1.00
2015-03-21T11:16:31.058Z,1.00,1.00
2015-03-21T11:16:03.536Z,1.00,1.00
2015-03-21T11:15:50.282Z,1.00,1.00
2015-03-21T11:15:39.946Z,1.00,1.00
2015-03-21T11:15:12.510Z,0.00383553,260.72000
2015-03-21T11:13:20.237Z,1.00,1.00
2015-03-21T11:12:34.712Z,1.00,1.00
2015-03-21T11:12:29.929Z,1.00,1.00
2015-03-21T11:12:21.328Z,1.00,1.00
2015-03-21T11:11:55.586Z,0.00383561,260.71500
2015-03-21T11:11:35.045Z,1.00,1.00
2015-03-21T11:10:44.786Z,1.00,1.00
2015-03-21T11:10:33.223Z,1.00,1.00
2015-03-21T11:09:55.332Z,0.00384187,260.29000
2015-03-21T11:07:59.096Z,0.00384482,260.09000
2015-03-21T11:06:37.473Z,1.00,1.00
2015-03-21T11:06:18.224Z,1.00,1.00
2015-03-21T11:06:01.960Z,0.00385275,259.55500
2015-03-21T11:05:44.226Z,1.00,1.00
2015-03-21T11:05:35.452Z,1.00,1.00
2015-03-21T11:05:12.378Z,1.00,1.00
2015-03-21T11:04:59.569Z,1.00,1.00
2015-03-21T11:03:37.290Z,0.00385371,259.49000
2015-03-21T11:01:46.655Z,1.00,1.00
2015-03-21T11:01:43.009Z,1.00,1.00
2015-03-21T11:00:23.972Z,0.00385275,259.55500
2015-03-21T11:00:20.121Z,1.00,1.00
2015-03-21T10:58:41.992Z,1.00,1.00
2015-03-21T10:58:13.856Z,1.00,1.00
2015-03-21T10:57:57.102Z,0.00385112,259.66500
2015-03-21T10:57:22.580Z,1.00,1.00
2015-03-21T10:56:21.343Z,0.00385706,259.26500
2015-03-21T10:56:02.849Z,1.00,1.00
2015-03-21T10:54:57.736Z,0.00385579,259.35000
2015-03-21T10:54:25.694Z,0.00386227,258.91500
2015-03-21T10:54:05.878Z,1.00,1.00
2015-03-21T10:53:50.690Z,1.00,1.00
2015-03-21T10:52:58.001Z,1.00,1.00
2015-03-21T10:52:47.751Z,0.00387439,258.10500
2015-03-21T10:52:24.619Z,1.00,1.00
2015-03-21T10:51:20.863Z,1.00,1.00
2015-03-21T10:51:12.465Z,0.00387229,258.24500
2015-03-21T10:50:30.560Z,1.00,1.00
2015-03-21T10:50:18.957Z,1.00,1.00
2015-03-21T10:49:39.857Z,1.00,1.00
2015-03-21T10:49:29.644Z,1.00,1.00
2015-03-21T10:49:18.593Z,0.00387214,258.25500
2015-03-21T10:49:14.157Z,1.00,1.00
2015-03-21T10:48:53.208Z,1.00,1.00
2015-03-21T10:48:43.185Z,1.00,1.00
2015-03-21T10:47:58.700Z,1.00,1.00
2015-03-21T10:47:39.014Z,0.00387019,258.38500
2015-03-21T10:47:21.779Z,1.00,1.00
2015-03-21T10:45:50.161Z,1.00,1.00
2015-03-21T10:45:30.319Z,0.00386907,258.46000
2015-03-21T10:44:46.554Z,1.00,1.00
2015-03-21T10:44:23.868Z,1.00,1.00
2015-03-21T10:44:14.511Z,1.00,1.00
2015-03-21T10:44:05.031Z,1.00,1.00
2015-03-21T10:43:11.768Z,0.00387004,258.39500
2015-03-21T10:43:07.084Z,1.00,1.00
2015-03-21T10:41:50.297Z,1.00,1.00
2015-03-21T10:41:45.807Z,1.00,1.00
2015-03-21T10:41:42.095Z,1.00,1.00
2015-03-21T10:39:13.456Z,1.00,1.00
2015-03-21T10:39:09.206Z,1.00,1.00
2015-03-21T10:38:59.985Z,1.00,1.00
2015-03-21T10:37:32.168Z,0.00387297,258.20000
2015-03-21T10:37:27.275Z,1.00,1.00
2015-03-21T10:36:53.271Z,1.00,1.00
2015-03-21T10:36:09.817Z,1.00,1.00
2015-03-21T10:35:40.677Z,1.00,1.00
2015-03-21T10:35:29.551Z,0.00386108,258.99500
2015-03-21T10:35:20.071Z,0.00386108,258.99500
2015-03-21T10:34:38.833Z,1.00,1.00
2015-03-21T10:33:53.673Z,1.00,1.00
2015-03-21T10:33:06.527Z,0.00386332,258.84500
2015-03-21T10:32:25.425Z,1.00,1.00
2015-03-21T10:31:22.103Z,1.00,1.00
2015-03-21T10:30:11.362Z,0.00386279,258.88000
2015-03-21T10:29:06.617Z,1.00,1.00
2015-03-21T10:27:25.338Z,1.00,1.00
2015-03-21T10:27:21.241Z,1.00,1.00
2015-03-21T10:26:49.565Z,0.0038681,258.52500
2015-03-21T10:26:17.216Z,1.00,1.00
2015-03-21T10:25:58.067Z,0.00386742,258.57000
2015-03-21T10:24:04.829Z,1.00,1.00
2015-03-21T10:23:41.040Z,1.00,1.00
2015-03-21T10:23:06.346Z,1.00,1.00
2015-03-21T10:22:58.052Z,0.00386742,258.57000
2015-03-21T10:22:40.882Z,1.00,1.00
2015-03-21T10:20:49.991Z,0.00386728,258.58000
2015-03-21T10:20:34.242Z,1.00,1.00
2015-03-21T10:20:04.087Z,1.00,1.00
2015-03-21T10:19:33.159Z,1.00,1.00
2015-03-21T10:19:12.243Z,1.00,1.00
2015-03-21T10:19:03.124Z,1.00,1.00
2015-03-21T10:18:16.305Z,1.00,1.00
2015-03-21T10:17:51.265Z,1.00,1.00
2015-03-21T10:16:53.526Z,1.00,1.00
2015-03-21T10:16:30.718Z,1.00,1.00
2015-03-21T10:15:38.695Z,0.00387289,258.20500
2015-03-21T10:14:52.673Z,1.00,1.00
2015-03-21T10:14:03.921Z,1.00,1.00
2015-03-21T10:13:46.046Z,1.00,1.00
2015-03-21T10:13:42.360Z,1.00,1.00
2015-03-21T10:13:19.621Z,1.00,1.00
2015-03-21T10:12:47.310Z,0.00387199,258.26500
2015-03-21T10:12:37.107Z,1.00,1.00
2015-03-21T10:12:08.500Z,1.00,1.00
2015-03-21T10:11:33.048Z,1.00,1.00
2015-03-21T10:10:43.341Z,0.00387229,258.24500
2015-03-21T10:10:28.572Z,0.00387199,258.25000
2015-03-21T10:10:24.569Z,1.00,1.00
2015-03-21T10:09:55.140Z,1.00,1.00
2015-03-21T10:09:34.814Z,1.00,1.00
2015-03-21T10:09:26.343Z,1.00,1.00
2015-03-21T10:09:21.581Z,1.00,1.00
2015-03-21T10:08:56.016Z,1.00,1.00
2015-03-21T10:07:02.426Z,1.00,1.00
2015-03-21T10:06:44.593Z,1.00,1.00
2015-03-21T10:05:39.745Z,1.00,1.00
2015-03-21T10:05:03.060Z,1.00,1.00
2015-03-21T10:04:54.453Z,1.00,1.00
2015-03-21T10:04:13.627Z,1.00,1.00
2015-03-21T10:03:18.927Z,0.00386503,258.73000
2015-03-21T10:02:40.982Z,1.00,1.00
2015-03-21T10:01:00.216Z,1.00,1.00
2015-03-21T09:59:13.444Z,1.00,1.00
2015-03-21T09:58:30.488Z,1.00,1.00
2015-03-21T09:58:15.590Z,1.00,1.00
2015-03-21T09:57:25.869Z,1.00,1.00
2015-03-21T09:56:31.876Z,1.00,1.00
2015-03-21T09:56:21.066Z,1.00,1.00
2015-03-21T09:56:12.328Z,1.00,1.00
2015-03-21T09:54:36.883Z,1.00,1.00
2015-03-21T09:54:21.855Z,1.00,1.00
2015-03-21T09:53:50.644Z,1.00,1.00
2015-03-21T09:53:17.790Z,1.00,1.00
2015-03-21T09:50:50.282Z,1.00,1.00
2015-03-21T09:50:24.691Z,1.00,1.00
2015-03-21T09:50:12.906Z,1.00,1.00
2015-03-21T09:48:54.888Z,1.00,1.00
2015-03-21T09:48:36.591Z,1.00,1.00
2015-03-21T09:47:43.614Z,1.00,1.00
2015-03-21T09:46:45.289Z,1.00,1.00
2015-03-21T09:46:14.391Z,1.00,1.00
2015-03-21T09:45:59.842Z,1.00,1.00
2015-03-21T09:45:02.721Z,1.00,1.00
2015-03-21T09:43:59.521Z,1.00,1.00
2015-03-21T09:43:21.608Z,1.00,1.00
2015-03-21T09:41:25.111Z,1.00,1.00
2015-03-21T09:41:21.552Z,1.00,1.00
2015-03-21T09:39:34.459Z,1.00,1.00
2015-03-21T09:39:06.410Z,1.00,1.00
2015-03-21T09:38:48.820Z,1.00,1.00
2015-03-21T09:38:44.664Z,1.00,1.00
2015-03-21T09:38:14.086Z,1.00,1.00
2015-03-21T09:37:57.398Z,1.00,1.00
2015-03-21T09:34:44.874Z,1.00,1.00
2015-03-21T09:34:14.479Z,1.00,1.00
2015-03-21T09:34:05.196Z,1.00,1.00
2015-03-21T09:32:59.356Z,1.00,1.00
2015-03-21T09:32:32.955Z,1.00,1.00
2015-03-21T09:32:11.556Z,1.00,1.00
2015-03-21T09:32:02.878Z,1.00,1.00
2015-03-21T09:31:42.188Z,1.00,1.00
2015-03-21T09:30:09.077Z,1.00,1.00
2015-03-21T09:29:50.251Z,1.00,1.00
2015-03-21T09:29:10.477Z,1.00,1.00
2015-03-21T09:28:04.020Z,1.00,1.00
2015-03-21T09:27:54.030Z,1.00,1.00
2015-03-21T09:26:49.722Z,1.00,1.00
2015-03-21T09:25:45.327Z,1.00,1.00
2015-03-21T09:25:41.938Z,1.00,1.00
2015-03-21T09:25:05.704Z,1.00,1.00
2015-03-21T09:24:57.015Z,1.00,1.00
2015-03-21T09:24:39.763Z,1.00,1.00
2015-03-21T09:24:21.419Z,1.00,1.00
2015-03-21T09:24:05.973Z,1.00,1.00
2015-03-21T09:20:54.762Z,1.00,1.00
2015-03-21T09:20:03.783Z,1.00,1.00
2015-03-21T09:19:14.944Z,1.00,1.00
2015-03-21T09:18:50.821Z,1.00,1.00
2015-03-21T09:17:13.661Z,1.00,1.00
2015-03-21T09:17:04.600Z,1.00,1.00
2015-03-21T09:16:01.663Z,1.00,1.00
2015-03-21T09:15:29.588Z,1.00,1.00
2015-03-21T09:15:12.595Z,1.00,1.00
2015-03-21T09:14:12.301Z,1.00,1.00
2015-03-21T09:14:08.522Z,1.00,1.00
2015-03-21T09:12:55.624Z,1.00,1.00
2015-03-21T09:12:47.010Z,1.00,1.00
2015-03-21T09:12:02.587Z,0.0038878,257.21500
2015-03-21T09:11:41.016Z,1.00,1.00
2015-03-21T09:11:37.576Z,1.00,1.00
2015-03-21T09:11:14.535Z,1.00,1.00
2015-03-21T09:10:31.233Z,1.00,1.00
2015-03-21T09:09:40.884Z,1.00,1.00
2015-03-21T09:09:37.245Z,1.00,1.00
2015-03-21T09:08:51.646Z,1.00,1.00
2015-03-21T09:07:49.539Z,1.00,1.00
2015-03-21T09:07:40.660Z,1.00,1.00
2015-03-21T09:06:41.041Z,1.00,1.00
2015-03-21T09:06:19.475Z,1.00,1.00
2015-03-21T09:04:51.209Z,1.00,1.00
2015-03-21T09:04:47.713Z,1.00,1.00
2015-03-21T09:04:28.222Z,1.00,1.00
2015-03-21T09:03:55.438Z,1.00,1.00
2015-03-21T09:02:41.803Z,1.00,1.00
2015-03-21T09:00:22.665Z,1.00,1.00
2015-03-21T09:00:10.125Z,1.00,1.00
2015-03-21T08:59:06.401Z,1.00,1.00
2015-03-21T08:59:01.518Z,1.00,1.00
2015-03-21T08:57:15.070Z,1.00,1.00
2015-03-21T08:57:05.863Z,1.00,1.00
2015-03-21T08:56:40.030Z,1.00,1.00
2015-03-21T08:56:22.729Z,1.00,1.00
2015-03-21T08:56:04.411Z,1.00,1.00
2015-03-21T08:55:59.524Z,1.00,1.00
2015-03-21T08:54:30.819Z,1.00,1.00
2015-03-21T08:54:21.801Z,1.00,1.00
2015-03-21T08:54:13.424Z,1.00,1.00
2015-03-21T08:53:35.388Z,1.00,1.00
2015-03-21T08:52:18.123Z,1.00,1.00
2015-03-21T08:51:33.041Z,1.00,1.00
2015-03-21T08:50:34.608Z,1.00,1.00
2015-03-21T08:49:59.918Z,1.00,1.00
2015-03-21T08:49:49.095Z,1.00,1.00
2015-03-21T08:49:21.238Z,1.00,1.00
2015-03-21T08:49:17.171Z,0.00389696,256.61000
2015-03-21T08:49:02.306Z,1.00,1.00
2015-03-21T08:47:40.779Z,1.00,1.00
2015-03-21T08:46:56.767Z,1.00,1.00
2015-03-21T08:46:47.437Z,1.00,1.00
2015-03-21T08:46:14.254Z,1.00,1.00
2015-03-21T08:45:21.729Z,1.00,1.00
2015-03-21T08:45:17.297Z,1.00,1.00
2015-03-21T08:43:16.362Z,1.00,1.00
2015-03-21T08:42:16.008Z,1.00,1.00
2015-03-21T08:41:46.033Z,1.00,1.00
2015-03-21T08:40:48.333Z,1.00,1.00
2015-03-21T08:40:05.889Z,1.00,1.00
2015-03-21T08:39:54.257Z,1.00,1.00
2015-03-21T08:37:50.151Z,1.00,1.00
2015-03-21T08:37:37.588Z,1.00,1.00
2015-03-21T08:37:10.080Z,1.00,1.00
2015-03-21T08:35:57.629Z,1.00,1.00
2015-03-21T08:35:26.027Z,1.00,1.00
2015-03-21T08:34:49.583Z,1.00,1.00
2015-03-21T08:33:20.421Z,1.00,1.00
2015-03-21T08:33:11.947Z,1.00,1.00
2015-03-21T08:32:52.673Z,1.00,1.00
2015-03-21T08:30:49.070Z,1.00,1.00
2015-03-21T08:30:01.156Z,1.00,1.00
2015-03-21T08:29:57.609Z,1.00,1.00
2015-03-21T08:29:24.332Z,1.00,1.00
2015-03-21T08:28:15.507Z,1.00,1.00
2015-03-21T08:28:00.337Z,1.00,1.00
2015-03-21T08:26:37.867Z,1.00,1.00
2015-03-21T08:23:34.850Z,1.00,1.00
2015-03-21T08:22:57.436Z,1.00,1.00
2015-03-21T08:22:27.078Z,1.00,1.00
2015-03-21T08:22:09.047Z,1.00,1.00
2015-03-21T08:21:38.532Z,1.00,1.00
2015-03-21T08:21:05.393Z,1.00,1.00
2015-03-21T08:19:25.247Z,1.00,1.00
2015-03-21T08:19:02.659Z,1.00,1.00
2015-03-21T08:18:10.982Z,1.00,1.00
2015-03-21T08:16:37.334Z,1.00,1.00
2015-03-21T08:15:49.994Z,1.00,1.00
2015-03-21T08:15:04.990Z,1.00,1.00
2015-03-21T08:13:47.929Z,1.00,1.00
2015-03-21T08:13:39.000Z,1.00,1.00
2015-03-21T08:10:21.040Z,0.00388772,257.22000
2015-03-21T08:10:04.051Z,1.00,1.00
2015-03-21T08:09:50.042Z,1.00,1.00
2015-03-21T08:09:39.122Z,1.00,1.00
2015-03-21T08:08:00.052Z,1.00,1.00
2015-03-21T08:07:19.474Z,1.00,1.00
2015-03-21T08:07:08.369Z,1.00,1.00
2015-03-21T08:06:53.216Z,1.00,1.00
2015-03-21T08:04:58.745Z,1.00,1.00
2015-03-21T08:04:39.044Z,1.00,1.00
2015-03-21T08:03:38.739Z,1.00,1.00
2015-03-21T08:03:28.243Z,0.00388274,257.55000
2015-03-21T08:03:24.298Z,1.00,1.00
2015-03-21T08:03:06.061Z,0.00388274,257.55000
2015-03-21T08:01:38.859Z,1.00,1.00
2015-03-21T08:01:30.301Z,1.00,1.00
2015-03-21T08:00:05.812Z,1.00,1.00
2015-03-21T07:59:58.642Z,0.00388636,257.31500
2015-03-21T07:59:54.409Z,0.00388636,257.31000
2015-03-21T07:58:59.517Z,1.00,1.00
2015-03-21T07:58:15.476Z,0.00388644,257.30500
2015-03-21T07:56:52.374Z,0.00388682,257.28000
2015-03-21T07:56:35.654Z,0.00388689,257.27500
2015-03-21T07:56:21.551Z,1.00,1.00
2015-03-21T07:55:31.727Z,1.00,1.00
2015-03-21T07:54:52.238Z,1.00,1.00
2015-03-21T07:54:48.395Z,0.00388689,257.26500
2015-03-21T07:54:44.260Z,0.00388689,257.27500
2015-03-21T07:52:53.821Z,1.00,1.00
2015-03-21T07:52:43.718Z,1.00,1.00
2015-03-21T07:52:06.194Z,1.00,1.00
2015-03-21T07:52:02.542Z,0.00388561,257.36000
2015-03-21T07:51:49.901Z,0.00388561,257.36000
2015-03-21T07:50:54.102Z,1.00,1.00
2015-03-21T07:49:48.359Z,0.00388289,257.54000
2015-03-21T07:49:38.906Z,1.00,1.00
2015-03-21T07:49:35.273Z,0.00388568,257.35500
2015-03-21T07:47:33.097Z,1.00,1.00
2015-03-21T07:47:06.093Z,0.00388018,257.72000
2015-03-21T07:46:40.986Z,1.00,1.00
2015-03-21T07:43:50.224Z,0.00388304,257.53000
2015-03-21T07:43:26.263Z,0.0038835,257.50000
2015-03-21T07:41:04.310Z,0.00388387,257.47500
2015-03-21T07:40:35.817Z,1.00,1.00
2015-03-21T07:39:54.583Z,0.00388493,257.40500
2015-03-21T07:39:01.320Z,0.0038798,257.74500
2015-03-21T07:37:37.780Z,0.00388003,257.73000
2015-03-21T07:36:41.480Z,0.00387988,257.74000
2015-03-21T07:36:15.748Z,1.00,1.00
2015-03-21T07:35:08.145Z,1.00,1.00
2015-03-21T07:34:18.009Z,1.00,1.00
2015-03-21T07:34:07.384Z,1.00,1.00
2015-03-21T07:33:42.035Z,0.00388108,257.66000
2015-03-21T07:31:53.767Z,0.00387312,258.19000
2015-03-21T07:31:49.027Z,0.00387312,258.19000
2015-03-21T07:31:31.241Z,1.00,1.00
2015-03-21T07:30:49.425Z,1.00,1.00
2015-03-21T07:30:19.660Z,1.00,1.00
2015-03-21T07:29:27.887Z,0.00386698,258.60000
2015-03-21T07:29:08.969Z,1.00,1.00
2015-03-21T07:28:45.178Z,0.0038693,258.44500
2015-03-21T07:28:26.203Z,1.00,1.00
2015-03-21T07:27:43.380Z,0.00387387,258.14000
2015-03-21T07:26:46.399Z,0.00387755,257.89500
2015-03-21T07:25:50.288Z,1.00,1.00
2015-03-21T07:24:51.513Z,0.00387064,258.35500
2015-03-21T07:23:46.716Z,0.00387102,258.33000
2015-03-21T07:23:07.899Z,1.00,1.00
2015-03-21T07:22:48.288Z,1.00,1.00
2015-03-21T07:22:16.161Z,0.00387297,258.20000
2015-03-21T07:21:05.140Z,0.0038669,258.60500
2015-03-21T07:20:22.563Z,0.00386623,258.65000
2015-03-21T07:19:41.122Z,1.00,1.00
2015-03-21T07:19:12.889Z,0.0038675,258.56500
2015-03-21T07:18:40.504Z,1.00,1.00
2015-03-21T07:18:34.408Z,0.00386787,258.54000
2015-03-21T07:18:15.326Z,1.00,1.00
2015-03-21T07:16:43.116Z,0.00387214,258.25500
2015-03-21T07:16:32.540Z,1.00,1.00
2015-03-21T07:16:08.184Z,0.00387207,258.26000
2015-03-21T07:14:59.168Z,1.00,1.00
2015-03-21T07:14:40.189Z,1.00,1.00
2015-03-21T07:14:28.009Z,1.00,1.00
2015-03-21T07:14:05.919Z,0.00387214,258.25500
2015-03-21T07:14:01.935Z,0.00387222,258.25000
2015-03-21T07:13:41.219Z,1.00,1.00
2015-03-21T07:13:32.645Z,0.00387237,258.24000
2015-03-21T07:11:36.293Z,0.00387334,258.17500
2015-03-21T07:10:50.289Z,1.00,1.00
2015-03-21T07:10:04.828Z,1.00,1.00
2015-03-21T07:09:51.066Z,0.00387875,257.81500
2015-03-21T07:08:29.397Z,1.00,1.00
2015-03-21T07:08:09.667Z,1.00,1.00
2015-03-21T07:07:29.877Z,1.00,1.00
2015-03-21T07:07:19.103Z,1.00,1.00
2015-03-21T07:07:07.555Z,0.00387627,257.98000
2015-03-21T07:06:10.550Z,1.00,1.00
2015-03-21T07:04:26.774Z,1.00,1.00
2015-03-21T07:04:16.710Z,1.00,1.00
2015-03-21T07:03:48.810Z,1.00,1.00
2015-03-21T07:03:42.305Z,1.00,1.00
2015-03-21T07:03:23.275Z,0.00387559,258.02500
2015-03-21T07:01:28.476Z,0.00388041,257.70500
2015-03-21T07:00:56.087Z,1.00,1.00
2015-03-21T07:00:20.585Z,1.00,1.00
2015-03-21T07:00:17.146Z,1.00,1.00
2015-03-21T07:00:13.274Z,1.00,1.00
2015-03-21T07:00:03.809Z,1.00,1.00
2015-03-21T06:57:03.818Z,1.00,1.00
2015-03-21T06:55:49.320Z,1.00,1.00
2015-03-21T06:55:21.163Z,1.00,1.00
2015-03-21T06:54:33.737Z,0.00387958,257.76000
2015-03-21T06:54:11.832Z,1.00,1.00
2015-03-21T06:53:27.567Z,1.00,1.00
2015-03-21T06:52:16.838Z,0.00388131,257.64500
2015-03-21T06:51:21.046Z,1.00,1.00
2015-03-21T06:51:10.680Z,1.00,1.00
2015-03-21T06:50:40.272Z,0.00388229,257.58000
2015-03-21T06:50:28.792Z,1.00,1.00
2015-03-21T06:50:16.088Z,0.0038838,257.48000
2015-03-21T06:49:57.156Z,1.00,1.00
2015-03-21T06:49:34.695Z,1.00,1.00
2015-03-21T06:48:28.157Z,1.00,1.00
2015-03-21T06:48:24.295Z,0.00388682,257.28000
2015-03-21T06:46:59.865Z,1.00,1.00
2015-03-21T06:46:30.618Z,0.00388697,257.27000
2015-03-21T06:45:22.462Z,1.00,1.00
2015-03-21T06:44:10.086Z,0.00388644,257.31500
2015-03-21T06:44:05.723Z,1.00,1.00
2015-03-21T06:43:53.066Z,1.00,1.00
2015-03-21T06:43:05.637Z,1.00,1.00
2015-03-21T06:42:39.374Z,1.00,1.00
2015-03-21T06:42:27.424Z,1.00,1.00
2015-03-21T06:42:23.760Z,0.00388561,257.36000
2015-03-21T06:41:09.356Z,1.00,1.00
2015-03-21T06:40:30.349Z,0.00389257,256.90000
2015-03-21T06:40:17.226Z,1.00,1.00
2015-03-21T06:39:43.280Z,0.00389484,256.75000
2015-03-21T06:39:31.884Z,0.00389188,256.94500
2015-03-21T06:38:46.952Z,1.00,1.00
2015-03-21T06:38:36.706Z,0.0038959,256.68000
2015-03-21T06:38:26.090Z,1.00,1.00
2015-03-21T06:38:04.953Z,1.00,1.00
2015-03-21T06:37:30.921Z,0.00389742,256.58000
2015-03-21T06:36:45.369Z,1.00,1.00
2015-03-21T06:36:06.075Z,0.00389909,256.47000
2015-03-21T06:35:46.541Z,1.00,1.00
2015-03-21T06:35:29.034Z,1.00,1.00
2015-03-21T06:34:43.928Z,1.00,1.00
2015-03-21T06:34:30.522Z,0.00390191,256.28500
2015-03-21T06:33:59.244Z,1.00,1.00
2015-03-21T06:33:42.534Z,1.00,1.00
2015-03-21T06:33:28.607Z,0.00390038,256.38500
2015-03-21T06:32:56.480Z,0.0038978,256.55500
2015-03-21T06:32:39.045Z,1.00,1.00
2015-03-21T06:32:22.846Z,0.00389173,256.95500
2015-03-21T06:30:48.095Z,1.00,1.00
2015-03-21T06:30:08.063Z,1.00,1.00
2015-03-21T06:29:56.481Z,1.00,1.00
2015-03-21T06:29:23.915Z,0.00388984,257.08000
2015-03-21T06:28:37.923Z,1.00,1.00
2015-03-21T06:28:34.146Z,1.00,1.00
2015-03-21T06:28:29.639Z,1.00,1.00
2015-03-21T06:27:25.921Z,0.00388327,257.51500
2015-03-21T06:25:36.690Z,1.00,1.00
2015-03-21T06:25:19.389Z,0.00388818,257.19000
2015-03-21T06:24:40.331Z,1.00,1.00
2015-03-21T06:24:17.233Z,1.00,1.00
2015-03-21T06:24:03.307Z,0.00388969,257.09000
2015-03-21T06:23:16.465Z,1.00,1.00
2015-03-21T06:22:57.328Z,0.00389408,256.80000
